2934 4692
604 462 731 507 amco.
1125 452 1181 509 299

148 628 295 687 venissem
315 626 353 684 ad
373 632 485 703 portam
500 620 656 701 Capenam,
676 624 784 702 gradus
800 624 974 701 templorum
993 626 1030 688 ab
1044 626 1143 685 infima

149 726 238 803 plebe
251 722 383 799 completi
396 732 496 791 crunt;
516 740 535 779 a
548 741 604 797 que
623 722 725 799 plausu
739 722 866 780 maximo
878 740 968 797 quum
981 730 1059 781 essct
1070 724 1143 781 mihi

149 818 306 899 gmmlatio
318 818 486 895 significata,
500 818 601 876 similis
615 827 645 877 ct
655 818 821 894 frequentia
829 827 860 876 et
869 819 1041 895 plaususme
1051 838 1143 895 usquc

148 918 187 977 ad
203 915 378 992 Capitolium
397 914 574 983 celebravit3
593 916 623 972 in
636 913 758 990 foroque
771 923 800 973 et
813 914 920 992 inipso
935 913 1077 991 Capitolio
1090 917 1143 975 ml-

146 1014 242 1074 randa
261 1011 412 1071 multitudo
430 1011 492 1069 lirin
534 1010 677 1071 Postridie
691 1011 721 1069 iu
735 1021 845 1081 senatu,
859 1012 908 1086 qui
922 1010 977 1070 suit
989 1011 1051 1071 dies
1065 1013 1141 1072 Nou.
1165 1028 1182 1075 t

148 1108 321 1187 septembr,
332 1108 443 1167 senatui
453 1108 561 1185 gratius
570 1107 688 1184 egimus
731 1108 758 1164 ti.
777 1104 798 1141 ¹¹
810 1107 856 1165 Ec
866 1108 952 1166 biduo
962 1127 1053 1184 quum
1064 1118 1143 1168 esset

146 1224 280 1266 annonae
295 1225 407 1265 summa
420 1205 533 1273 caritas,
542 1213 571 1262 et
583 1204 714 1261 homines
723 1204 761 1261 ad
770 1204 915 1265 theatrum
925 1206 1027 1281 primo,
1037 1207 1141 1266 deinde

146 1304 185 1363 ad
200 1313 332 1363 senatum
345 1304 562 1373 concurrissent,
574 1300 701 1376 impulsu
717 1298 819 1373 Clodii,
829 1319 895 1360 mea
906 1320 996 1379 opere
1004 1301 1142 1363 frumenti

145 1401 276 1477 inopiam
290 1420 353 1458 esse
367 1400 542 1466 clamarent;
561 1415 650 1473 quum
660 1415 713 1474 per
723 1414 772 1455 eos
783 1396 844 1454 dice
854 1407 970 1455 senatus
981 1398 1017 1456 de
1027 1417 1142 1459 ennena

145 1496 313 1568 haberetur,
334 1504 364 1554 et
386 1492 444 1554 ¹²ad
468 1493 530 1569 ejus
557 1493 789 1570 procurationem
810 1511 942 1552 sermone
964 1513 1023 1552 non
1046 1494 1181 1556 solumto

146 1592 249 1668 plebis,
262 1610 364 1650 verum
379 1593 467 1651 etiam
480 1593 620 1653 bonorum
634 1588 793 1666 Pompeius
806 1600 967 1663 vocaretur,
977 1591 1064 1669 idque
1078 1594 1141 1669 ipse

147 1698 274 1765 cuperet,
300 1687 510 1764 multitudoque
529 1708 547 1747 a
564 1706 612 1747 mc
632 1687 809 1759 nominatim,
826 1682 879 1745 ¹'ut
899 1688 929 1746 id
948 1688 1142 1762 decernerem,

147 1786 323 1862 postularet3
343 1784 399 1844 feci
418 1795 448 1844 ct
468 1794 600 1845 accurate
621 1785 793 1843 seutentiam
813 1785 885 1856 dixi,
905 1804 995 1861 quum
1007 1786 1142 1845 abessem

146 1882 323 1952 consulares,
349 1882 426 1960 quod
445 1890 507 1943 tuto
528 1900 558 1939 sc
580 1891 719 1959 negarent
740 1900 824 1957 posce
842 1881 1016 1939 sententiam
1036 1882 1141 1955 dicere,

145 1987 265 2055 practer
284 1976 442 2037 Messalam
456 1986 486 2036 et
499 1978 662 2035 Afranium.
704 1967 827 2035 Factum
841 1987 886 2036 est
898 1987 1015 2036 senatus
1029 1979 1140 2036 consul·
1150 1994 1180 2040 tt

145 2084 210 2134 tum
222 2077 253 2133 in
266 2094 362 2134 mcem
382 2076 560 2147 sententiam,
574 2083 605 2133 nt
619 2094 685 2134 cum
704 2074 845 2152 Pompeio
857 2072 1021 2151 ¹⁴ngeretur,
1032 2084 1064 2133 ut
1075 2094 1140 2133 eam

145 2190 209 2231 rem
223 2172 389 2248 susciperet,
400 2172 506 2248 lexque
516 2170 656 2241 ferretum
678 2191 736 2247 quo
746 2182 862 2230 senatus
874 2172 1002 2230 consulto
1012 2172 1140 2244 recitato,

145 2286 238 2345 quum
251 2269 385 2327 continuo
404 2288 483 2327 more
501 2268 556 2327 hcc
576 2268 685 2327 insulso
704 2278 733 2327 et
746 2287 831 2339 novo,
844 2268 979 2345 plausum
991 2264 1077 2325 ”mec
1091 2286 1141 2326 no·

145 2364 225 2423 mine
246 2364 392 2423 recitando
410 2363 543 2436 dedisset,
555 2360 664 2421 ”habui
678 2365 839 2423 contionem
851 2385 858 2421 :
878 2382 978 2422 omnes
991 2365 1141 2441 magistra·

145 2471 193 2523 tus
213 2471 381 2539 praesentes
401 2470 515 2540 praeter
535 2481 624 2521 unum
644 2472 807 2540 praetorem
822 2471 852 2519 et
865 2461 936 2520 duos
951 2461 1079 2521 tribunos
1100 2462 1180 2539 plat)

144 2553 316 2619 ”dederunt
351 2558 379 2617 7.
397 2556 540 2617 Postridie
552 2568 668 2619 senams
679 2556 815 2633 frequens
826 2567 856 2621 et
864 2576 966 2617 omues
976 2559 1140 2619 consuleres

145 2652 219 2711 m'hil
239 2654 380 2729 Pompeio
400 2653 554 2729 postulanti
573 2662 722 2730 negarunt.
762 2653 818 2713 Ille
839 2659 949 2731 legatos
975 2654 1140 2730 quindecim

146 2768 234 2825 quum
254 2750 420 2826 postularet,
433 2768 479 2808 me
499 2750 659 2826 principem
678 2749 835 2809 nominarit
857 2760 888 2811 et
904 2747 963 2809 ¹⁸ad
982 2752 1079 2810 omnia
1092 2768 1139 2810 me

145 2846 269 2905 alterum
292 2843 404 2905 ociore
425 2846 506 2904 dixit.
548 2845 659 2925 Legem
679 2849 811 2908 consules
831 2851 1067 2928 conscripserunt,
1081 2868 1140 2927 qus

146 2942 287 3019 Pompeio
300 2960 354 3019 per
372 2943 597 3019 quinquennium
611 2946 702 3005 omnis
722 2956 849 3023 potestas
868 2949 913 3009 rei
932 2948 1178 3008 frumentariaers

145 3050 205 3098 toto
228 3040 298 3097 orbe
321 3046 464 3097 terrarum
487 3040 625 3110 deretur3
656 3042 777 3102 alteram
805 3043 941 3117 Messius,
967 3046 1018 3120 qui
1044 3045 1138 3103 omnic

143 3136 284 3212 pecuniae
304 3136 355 3195 dat
374 3144 545 3212 potestatem
565 3148 594 3197 et
614 3138 745 3217 adjungit
759 3143 879 3202 classem
893 3153 923 3202 et
936 3145 1095 3203 exercitum
1109 3154 1137 3204 ct
1185 3140 1200 3147 “

142 3231 238 3307 majus
251 3232 404 3309 imperium
417 3234 447 3291 iu
462 3235 625 3311 provinciis,
633 3258 720 3314 quem
734 3240 773 3298 sit
785 3258 893 3312 eorum,
901 3241 951 3316 qui
965 3258 1014 3299 eas
1028 3241 1138 3300 obtine·

142 3338 202 3388 ant.
243 3328 299 3388 Illa
319 3340 417 3390 nostra
436 3332 486 3391 lex
506 3337 663 3395 consularis
684 3322 761 3396 nunc
782 3338 911 3396 modeste
923 3320 1045 3408 videtur,
1063 3337 1138 3394 haec

142 3424 246 3484 Messii
257 3445 314 3485 non
324 3426 452 3489 ferenda
494 3432 652 3510 Pompeius
667 3434 747 3493 illam
761 3435 836 3492 velle
849 3452 880 3492 se
894 3435 970 3505 dicit,
980 3433 1136 3491 familiares
1145 3444 1177 3493 eo

142 3522 225 3581 hanc.
268 3520 451 3601 Consulares,
465 3530 537 3588 duce
559 3530 699 3601 Favonio,
712 3529 859 3599 fremunt3
880 3549 931 3589 nos
951 3538 1086 3600 tacemus,
1107 3539 1137 3587 et

143 3637 177 3677 eo
189 3620 292 3698 magis,
306 3625 383 3699 quod
403 3628 440 3686 de
454 3630 538 3687 domo
551 3637 651 3687 nostra
665 3628 737 3685 nihil
750 3627 844 3686 adhuc
857 3627 1006 3703 pontifices
1019 3644 1137 3702 respon·

142 3714 253 3775 derunt.
298 3718 358 3794 Qui
382 3722 407 3781 si
428 3724 595 3782 sustulerint
614 3720 812 3800 ¹'religionem
832 3740 931 3781 aream
957 3722 1137 3799 praeclarum

141 3812 331 3885 habebimus;
350 3815 553 3896 ”superficiem
573 3818 703 3878 consules
724 3838 763 3877 ex
781 3818 1040 3877 senatusconsulto
1053 3817 1137 3875 aesti-

141 3911 281 3981 mabunt3
301 3916 344 3973 sin
359 3917 451 3987 aliter,
464 3912 683 3987 ²1demolientur,
697 3934 749 3973 suc
763 3916 879 3973 nomine
896 3910 1059 3985 'docebunt
1072 3926 1176 3973 remeo

141 4016 231 4069 telem
243 4012 444 4072 aestimabunt.
486 4012 513 4071 8.
534 4010 581 4071 Ita
594 4020 660 4069 sunt
673 4030 720 4069 res
734 4021 867 4069 nostrae:
887 4006 941 4069 ”ut
952 4009 983 4068 in
994 4010 1136 4081 secundis,

141 4108 260 4181 fluxae3
281 4108 635 4182 utinudversis,bouae.
675 4105 1135 4180 Inrefamilinrivaldesumus,
1200 4113 1204 4121 '
