2934 4692
599 411 740 455 amasco.
1122 396 1181 457 833

142 574 250 635 taniam
272 574 394 651 quietus
412 571 475 641 fui3
496 570 576 647 cujus
597 580 678 633 tanta
691 580 743 644 est,
755 569 825 631 'non
842 572 1003 644 insolentia,
1020 571 1100 651 (nam
1114 574 1143 634 id

145 672 257 747 quidem
279 671 406 747 vulgare
426 669 531 726 vitium
552 667 617 745 est)
640 670 692 727 sed
711 666 896 739 immanitas,
915 688 973 727 non
999 670 1085 728 modo
1111 680 1144 729 ut

144 748 259 837 'rocem
274 766 333 823 sed
346 785 382 823 ne
392 765 504 823 vultum
515 766 630 840 quidem
644 765 767 823 liberum
778 766 868 841 possit
877 764 955 823 ferre
965 764 1143 843 cujusquam.

143 863 243 937 Itaque
256 862 336 919 mihi
350 860 495 919 maximae
514 878 600 919 curae
615 871 666 931 est,
679 880 737 919 non
751 861 788 919 de
803 880 870 919 mea
882 861 1000 937 quidem
1013 862 1082 935 vita
1096 863 1144 921 cui

142 957 264 1017 satisfeci
288 958 343 1015 vel
366 967 462 1016 aetate
476 957 525 1015 vel
545 956 628 1015 factis
651 958 698 1016 vel
722 956 759 1035 (ei
773 956 843 1033 quid
857 957 944 1015 etiam
961 958 1016 1017 hoc
1030 959 1142 1017 adrem
1166 974 1182 1021 ὅ

142 1053 279 1131 pertinet)
296 1054 415 1131 gloria;
436 1052 487 1111 sed
506 1071 554 1111 me
574 1054 670 1129 patria
690 1053 831 1125 sollicitat,
856 1053 888 1111 in
916 1053 1082 1129 primisque,
1102 1056 1144 1114 mi

142 1149 259 1220 Plance,
275 1150 459 1227 exspectatio
472 1150 637 1207 consulatus
651 1150 701 1221 tui,
713 1144 802 1225 ⁶quae
816 1149 856 1207 ita
868 1149 955 1225 longa
968 1159 1020 1221 est,
1035 1161 1068 1208 ut
1080 1146 1143 1227 ⁷op-

141 1246 258 1303 tandum
280 1247 330 1317 sit,
346 1256 378 1303 ut
398 1246 538 1323 possimus
559 1245 597 1303 ad
616 1244 647 1301 id
667 1255 780 1321 tempus
798 1245 841 1302 rei
856 1245 987 1321 publicae
999 1242 1143 1322 8spiritura

140 1340 252 1399 ducere.
300 1340 388 1417 Quae
408 1350 502 1418 potest
516 1341 593 1399 enim
607 1358 673 1417 spes
688 1359 751 1399 esse
764 1341 795 1397 in
809 1360 844 1399 ea
857 1359 889 1399 re
903 1341 1026 1416 publica,
1039 1343 1070 1400 in
1084 1362 1143 1419 qua

140 1438 261 1497 hominis
271 1438 508 1515 impotentissimi
518 1446 606 1513 atque
616 1438 1143 1516 intemperantissimiarmiaoppressa
1152 1452 1183 1501 10

141 1544 204 1593 sant
224 1536 336 1608 omnia,
352 1544 381 1593 et
400 1535 430 1592 in
444 1553 503 1610 qua
520 1552 575 1593 neo
593 1544 709 1593 senatus
723 1552 778 1592 neo
790 1534 913 1611 populus
927 1535 986 1592 rim
1000 1535 1088 1593 habet
1100 1536 1144 1594 ul·

142 1629 205 1701 lam,
218 1650 275 1690 nec
288 1632 373 1707 leges
387 1631 463 1689 ullae
477 1640 552 1702 sunt,
562 1649 616 1689 nec
626 1629 744 1705 judicia.
754 1649 809 1689 nec
818 1630 934 1689 omnino
946 1628 1142 1690 ’simulacrum

143 1726 256 1803 aliquod
270 1746 307 1787 ac
321 1726 480 1803 vestigium
493 1724 641 1785 civitatis?
683 1726 710 1785 2.
733 1725 937 1802 sedquoniam
950 1723 1143 1788 ¹⁰actaomnia

144 1818 233 1880 ¹1mitti
247 1823 286 1881 ad
302 1832 333 1881 te
348 1824 516 1894 arbitrabar,
530 1824 603 1881 nihil
617 1832 687 1894 erat,
701 1822 778 1899 quod
791 1823 909 1900 singulis
924 1824 961 1881 de
975 1826 1061 1882 rebus
1074 1826 1144 1884 scri·

143 1918 246 1977 berem.
290 1920 374 1977 Illud
393 1930 491 1978 autem
511 1929 574 1978 erat
594 1921 700 1978 amoris
720 1921 787 1991 mei,
804 1939 891 1996 quem
909 1940 930 1979 a
949 1928 999 1980 tua
1018 1922 1143 1997 pueritia
1151 1936 1182 1985 1⁵

145 2026 307 2091 susceptum
322 2035 382 2074 non
396 2016 512 2118 sergeri
526 2017 626 2087 solum,
638 2017 689 2075 sed
701 2017 789 2075 etiam
800 2017 879 2089 auxi,
887 2036 1005 2076 monere
1015 2028 1045 2075 te
1055 2029 1142 2094 atque

145 2110 258 2184 honen,
273 2122 308 2171 ut
322 2114 355 2169 in
368 2130 431 2169 rem
452 2112 597 2189 publicam
612 2114 690 2170 omni
704 2114 877 2189 cogitatione
891 2132 1018 2189 curaque
1032 2114 1142 2172 incum-

146 2208 233 2266 beres.
278 2208 364 2285 Quae
385 2209 409 2267 si
430 2209 467 2267 ad
485 2218 566 2267 tuum
588 2218 700 2287 ternpus
725 2206 1143 2287 1²perducitur,facilisguber·

146 2306 219 2363 natio
232 2314 296 2375 est;
319 2315 353 2364 ut
367 2306 540 2382 perducatur
553 2315 658 2377 autem,
670 2326 793 2385 magnae
808 2326 898 2382 quum
909 2289 1073 2383 diligentiae
1089 2316 1141 2379 est,

148 2408 203 2459 tum
223 2403 313 2461 etiam
334 2400 473 2461 fortunae.
514 2402 541 2459 3.
564 2401 622 2462 Sed
642 2412 672 2461 ct
690 2412 719 2461 te
738 2404 885 2479 aliquanto
902 2414 979 2474 ante,
996 2414 1029 2461 ut
1048 2417 1181 2481 sperato

148 2496 321 2573 habebimus,
337 2509 374 2571 et,
389 2510 590 2575 praeterquam
606 2499 683 2575 quod
697 2499 887 2576 reipublicae
897 2500 1046 2558 consulere
1057 2501 1142 2559 debe·

149 2610 215 2665 mus,
229 2604 328 2653 tamen
343 2605 409 2653 tuae
423 2595 554 2671 dignitati
568 2596 609 2653 ita
628 2595 768 2667 favemus,
781 2606 912 2655 atomus
925 2607 1055 2655 nostrum
1075 2616 1142 2656 oon·

149 2688 247 2763 silium,
271 2692 409 2762 studium,
432 2692 565 2763 officium,
587 2712 713 2769 operam,
740 2694 880 2765 laborem,
904 2693 1080 2769 diligentiam
1102 2692 1141 2753 ad

152 2786 364 2861 amplitudinem
385 2797 465 2846 tuam
484 2788 672 2849 conferamus.
713 2789 762 2849 Ita
781 2786 916 2848 facillime
936 2798 967 2848 et
985 2789 1029 2847 rei
1048 2790 1141 2866 publi·

151 2898 205 2951 me,
227 2902 302 2958 quae
331 2884 402 2942 mihi
429 2884 575 2943 carissima
602 2895 653 2958 est,
680 2868 878 2947 etiamicitiae
904 2895 1027 2959 rosnae,
1051 2900 1179 2963 quamao

153 2980 324 3039 sanctissime
346 2980 428 3039 nobis
449 2981 599 3041 colendam
620 2992 697 3060 puto,
711 3002 759 3043 me
778 2984 906 3061 intelligo
918 2982 1138 3043 satisfacturum.

153 3070 177 3127 a
196 3070 361 3134 1³Furnium
381 3086 509 3136 nostrum
530 3080 603 3137 tanti
623 3098 641 3138 a
655 3090 683 3139 te
696 3080 769 3152 ficri,
783 3090 923 3157 quantum
935 3080 1026 3157 ipsius
1039 3080 1140 3139 huma·

153 3166 220 3226 nitas
240 3180 269 3229 at
288 3172 414 3248 dignitas
435 3174 567 3249 postulat,
587 3193 642 3233 nec
659 3176 751 3233 miror
762 3172 813 3235 1⁴et
832 3176 963 3251 gaudem
984 3186 1071 3252 teque
1083 3177 1139 3235 hoc

154 3263 312 3325 existimare
325 3268 399 3339 volo,
412 3270 551 3345 quidquid
571 3270 602 3328 in
621 3288 687 3329 eum
703 3270 806 3347 judicii
819 3272 962 3347 officiique
976 3272 1138 3344 contuleris,

153 3356 180 3415 id
194 3360 232 3421 ita
244 3382 290 3425 me
304 3365 447 3442 accipere,
461 3375 492 3427 ut
505 3366 536 3425 in
550 3386 597 3427 me
610 3367 705 3445 ipsum
719 3376 749 3429 te
762 3378 861 3447 putem
875 3369 1037 3429 contulisse.
1144 3380 1178 3429 ao
