2934 4692
506 424 656 470 cerroto
677 425 814 470 saccos.
1114 409 1171 471 tm

143 585 243 663 Itaque
265 604 355 661 quum
375 585 517 645 sententia
535 587 631 665 prims
651 585 750 647 Bnuli
777 587 968 665 pronunciata
995 594 1079 660 esset,
1101 595 1134 646 ιιι

144 690 202 741 tres
220 682 306 759 legati
327 678 437 757 ⁴rcgem
457 682 647 751 reducerent;
668 684 794 742 monnda
812 683 970 756 Hortensii,
980 692 1013 742 ut
1025 694 1057 742 tu
1071 685 1134 742 sine

145 778 268 837 exercitu
290 778 462 846 reducerem
482 779 568 837 tertia
581 778 713 851 Vulcatii,
732 787 765 837 nt
786 778 944 855 Pompeius
964 780 1134 839 reduceretz

142 875 312 953 postulatum
323 884 374 945 est,
385 882 418 932 ut
432 873 531 933 Bibuli
545 872 698 933 “sententia
708 875 893 935 divideretur.
937 874 1087 950 Quatenus
1097 876 1135 935 de

141 966 286 1045 ‘religione
308 970 429 1041 dicebat,
444 970 491 1030 cui
511 971 555 1031 rei
571 969 633 1047 jam
648 972 748 1031 obsisti
761 991 819 1030 non
832 981 953 1047 poterat,
967 972 1076 1031 Bibulo
1088 991 1134 1031 as·
1157 986 1173 1033 ι

142 1086 253 1127 sensum
267 1078 330 1136 est;
351 1069 387 1127 de
401 1069 492 1127 tribus
506 1069 609 1147 legatis
622 1064 799 1145 'frequentes
813 1070 909 1127 ierunt
921 1071 952 1128 in
962 1070 1020 1129 alia
1029 1072 1133 1129 omnia.

142 1164 167 1223 2.
187 1164 330 1223 Proxima
349 1174 412 1224 erat
433 1165 583 1225 Hortensii
603 1167 753 1239 sententia,
767 1185 856 1242 quum
877 1165 987 1245 Lupus,
1000 1166 1134 1225 tribunus

140 1260 185 1339 pt,
197 1260 275 1335 quod
296 1261 359 1337 ipsa
373 1262 409 1320 de
431 1261 573 1339 Pompeio
588 1259 764 1334 ⁸rettulisset,
777 1258 938 1321 ⁹intendere
952 1263 1053 1339 coepit,
1067 1271 1133 1321 ante

141 1374 169 1414 se
179 1365 315 1433 oportere
325 1359 527 1419 discessionem
541 1360 637 1419 facere
648 1379 736 1435 quam
747 1360 887 1419 consules.
928 1358 1002 1435 Ejus
1011 1358 1134 1417 orationi

142 1454 325 1513 vehementer
339 1456 375 1513 ab
391 1456 523 1516 omnibus
536 1456 724 1515 reclamatum
740 1465 802 1526 est;
823 1464 886 1515 erat
899 1457 976 1514 enim
989 1465 1019 1514 et
1031 1456 1133 1531 inique
1142 1468 1173 1516 10

142 1557 167 1607 et
179 1568 261 1609 nova.
308 1548 448 1610 Consules
461 1571 557 1629 neque
573 1553 768 1613 concedebant
780 1571 877 1629 neque
891 1553 976 1610 valde
989 1571 1134 1628 repugna·

142 1644 213 1717 bant,
222 1646 302 1703 diem
317 1647 445 1705 consumi
459 1647 613 1717 volebant3
633 1649 664 1706 id
674 1648 751 1725 quod
762 1657 806 1707 cst
815 1647 932 1707 factum.
972 1647 1134 1724 Perspicia-

144 1738 205 1797 bant
224 1742 305 1798 enim
326 1741 356 1798 in
379 1741 527 1801 Hortensii
547 1744 718 1803 senteutiam
738 1740 857 1801 ¹⁰multis
886 1744 1015 1819 partibus
1036 1742 1133 1820 plures

145 1835 232 1909 ituros,
246 1857 426 1914 quamquam
447 1848 546 1914 aperte
560 1838 693 1898 Volcatio
707 1840 923 1897 assentirentur.
964 1839 1053 1897 Multi
1066 1836 1134 1897 llro·

144 1933 288 2009 gabantur,
310 1944 398 2009 atque
418 1935 448 1992 id
468 1935 562 2011 ipsum
582 1935 747 1993 oonsulibus
766 1935 883 2002 invitis;
902 1954 971 1993 uam
991 1935 1013 1992 ii
1034 1934 1170 1997 Bibulirs

144 2031 311 2089 sententiam
325 2031 422 2089 valere
443 2032 603 2109 cupierunt.
645 2031 673 2089 3.
695 2031 763 2091 Hac
775 2032 970 2091 controversia
990 2032 1134 2107 usquead

144 2134 249 2183 nocem
269 2127 366 2197 ducta,
386 2136 500 2185 senatus
521 2126 674 2195 dimissum
708 2135 739 2185 et
758 2145 812 2203 ego
832 2144 867 2185 eo
887 2128 934 2185 die
961 2145 1030 2185 casu
1056 2126 1134 2203 apud

146 2218 313 2298 Pompeium
337 2222 457 2281 coenavi
481 2232 639 2298 nactusque
663 2232 777 2299 tempus
806 2222 860 2281 boc
883 2222 976 2299 magis
997 2222 1135 2279 idoneum

146 2336 225 2392 quam
238 2338 369 2395 unquam
382 2329 476 2389 antea,
484 2318 561 2394 quod
575 2330 639 2395 post
652 2328 735 2377 tuum
749 2319 905 2377 discessum
919 2319 944 2376 is
957 2318 1020 2376 dies
1033 2318 1135 2376 hones·

146 2414 262 2475 tissimus
284 2415 368 2473 nobis
389 2414 484 2473 suerat
504 2416 534 2473 in
555 2422 665 2486 senatu,
686 2416 726 2473 ita
748 2433 813 2473 sum
827 2433 893 2473 cum
905 2415 956 2473 illo
968 2406 1088 2485 locutus,
1100 2422 1175 2474 utro

146 2508 209 2566 mibi
221 2511 340 2569 viderer
359 2510 487 2569 animum
506 2510 629 2569 hominis
641 2512 679 2569 ab
692 2511 772 2568 omni
785 2510 844 2568 alia
857 2509 1027 2585 cogitatione
1040 2509 1078 2568 ad
1091 2517 1135 2568 tu-

147 2622 189 2663 am
207 2604 377 2685 dignitatem
397 2607 533 2665 tuendam
553 2607 713 2665 traducere.
756 2606 852 2680 Quem
865 2624 919 2682 ego
936 2605 1032 2681 ipsum
1045 2624 1136 2681 quum

147 2702 231 2777 audio,
244 2724 364 2782 prorsus
378 2724 444 2763 eum
458 2704 549 2763 libero
562 2704 640 2763 omni
652 2703 812 2780 suspicione
822 2700 1025 2779 ¹¹cupiditatis3
1044 2721 1136 2778 quum

148 2808 235 2857 autem
255 2800 319 2876 ejus
339 2800 496 2860 familiares
517 2802 643 2859 omnium
666 2801 799 2859 ordinum
819 2800 914 2869 video,
935 2799 1086 2876 perspicio,
1104 2798 1135 2857 id

149 2890 217 2963 quod
231 2889 295 2966 jam
310 2891 440 2949 omnibus
455 2898 499 2949 est
511 2900 652 2967 apertum,
664 2900 756 2949 totam
768 2909 831 2948 rem
845 2890 929 2947 istam
944 2888 1007 2964 jam
1020 2888 1133 2964 pridem
1141 2901 1174 2948 tt

150 2986 255 3044 acartis
275 2986 451 3057 hominibus,
471 3004 528 3043 non
549 2986 640 3043 invito
660 3004 729 3063 rege
746 2986 809 3062 ipso
824 2984 1051 3060 consiliariisque
1065 2983 1135 3060 ejus,

150 3096 205 3139 esse
218 3092 390 3159 corruptam.
432 3085 460 3141 4.
483 3082 568 3141 Haec
581 3083 682 3160 scripsi
696 3102 722 3141 a.
737 3082 765 3140 d
780 3080 867 3139 XVI.
884 3080 952 3139 Kal.
967 3079 1055 3141 Febr.
1066 3090 1134 3139 ante

150 3174 242 3237 lucem.
284 3178 332 3239 Eo
352 3180 398 3239 die
418 3188 534 3238 senatus
549 3189 611 3238 erat
624 3178 747 3237 futurus.
789 3177 853 3236 Nos
867 3178 896 3235 in
911 3188 1022 3248 senatu,
1036 3196 1135 3252 quem·

150 3272 295 3333 admodum
316 3295 408 3352 spero,
422 3276 590 3353 dignitatem
604 3284 739 3346 nostram,
753 3285 786 3332 ut
798 3283 893 3351 potest
905 3274 936 3331 in
950 3283 1030 3332 tanta
1044 3272 1135 3331 homi·

151 3384 213 3427 num
230 3372 351 3447 perfidia
371 3380 400 3429 et
420 3372 579 3447 iniquitate,
601 3372 795 3431 retinebimus.
835 3368 943 3445 ¹'Quod
957 3370 994 3428 ad
1015 3370 1174 3448 popula-tt

152 3480 207 3523 rem
218 3469 357 3527 rationem
372 3469 480 3539 attinet,
495 3470 550 3529 hoc
560 3468 691 3527 videmur
699 3486 762 3527 csse
773 3468 926 3541 consecuti,
953 3474 986 3524 ut
1008 3484 1045 3524 ns
1066 3465 1134 3541 quid

152 3559 194 3635 agi
206 3580 268 3621 cum
281 3565 387 3641 populo
400 3574 451 3623 aut
464 3565 552 3623 salvis
562 3565 697 3641 auspiciis
711 3573 763 3623 aut
772 3566 860 3623 salvis
873 3564 985 3641 legibus
995 3571 1046 3621 aut
1055 3562 1136 3619 deni·

153 3670 202 3727 que
221 3658 281 3718 sine
301 3661 332 3717 vi
353 3662 449 3737 possit
493 3661 540 3721 De
561 3663 605 3719 bis
624 3662 711 3721 rebus
723 3661 825 3738 pridie,
839 3680 927 3737 quam
940 3660 1013 3717 haec
1026 3658 1135 3734 scripsi,

153 3744 277 3815 berctus
290 3759 443 3818 auctoritas
463 3760 635 3837 gravissima
653 3758 833 3827 intercessit3
853 3759 900 3817 cui
914 3777 1004 3834 quum
1019 3754 1092 3815 Cato
1105 3763 1135 3814 et

156 3842 283 3910 Caninius
302 3854 538 3925 intercessissent,
558 3862 655 3913 tamen
676 3864 719 3913 est
740 3854 908 3932 perscripta.
950 3852 1027 3911 Eam
1047 3852 1084 3910 sd
1105 3859 1173 3912 teto

155 3943 259 4005 missam
272 3968 334 4009 csse
348 3951 480 4009 arbitror.
522 3949 570 4009 De
583 3951 685 4011 ceteris
698 3952 793 4023 rebus,
807 3949 948 4026 quidquid
961 3951 1016 4008 erit
1029 3958 1134 4020 actum,

156 4040 266 4101 sobam
279 4047 316 4104 ad
330 4055 367 4117 te,
381 4056 417 4117 st,
430 4055 463 4105 nt
477 4064 566 4121 quam
586 4046 745 4105 rectissime
760 4055 873 4123 agatur,
886 4043 965 4103 omni
974 4062 1042 4103 mea
1054 4061 1132 4115 cura,

158 4149 242 4211 (llere,
255 4141 411 4219 diligentia,
424 4142 518 4220 gratia
531 4143 697 4218 providebo.
