2934 4692
281 381 340 442 286
607 393 787 436 nnssronss
807 391 990 437 emenonis.

320 576 372 616 nes
398 555 561 631 intelligere
587 565 750 631 ooeperunt,
773 555 860 614 lioere
887 555 1042 614 smioorum
1070 552 1300 614 fsonlletibnsin

322 653 442 713 emendo
455 652 493 710 ed
506 652 676 728 dignitatem
689 653 817 726 aliquem
831 652 991 728 pervenire.
1031 646 1173 710 “Teneris
1186 651 1240 710 ills
1252 651 1302 710 len·

321 759 383 809 tum
395 749 542 826 negotium
555 757 607 820 est,
620 750 673 807 sed
686 757 781 806 temen
796 748 883 806 estin
897 765 956 824 spe.
996 746 1044 805 Tu
1057 747 1113 806 ists
1125 747 1243 804 oonlioe.
1277 748 1303 808 Δ

321 848 403 906 nobis
422 847 586 904 liberiorem
604 845 754 922 epistolum
767 853 914 920 exspecta.

296 958 311 1005 o
361 943 416 1004 VI.
433 942 558 1002 Kalend.
573 942 660 1002 Febr.
673 940 718 998 M.
731 940 869 1013 Messeis,
882 940 926 998 M.
941 939 1048 1000 Pisone
1062 958 1131 1000 ooss.

601 1317 873 1380 EPISTOLA
913 1319 1001 1382 ΙΨ

592 1477 657 1541 (Sor.
675 1478 773 1528 Romm
787 1476 822 1526 A.
840 1475 874 1527 U.
893 1474 923 1526 C.
941 1476 1008 1538 694.)

478 1638 512 1689 Δ.
525 1638 558 1690 U.
569 1636 599 1689 C.
611 1641 666 1687 694.
697 1636 767 1686 Ante
779 1634 901 1686 (lineo.
934 1633 1004 1684 Anni
1016 1634 1122 1685 ciet?-

394 1765 464 1818 Coss.
483 1765 514 1827 Q.
534 1763 689 1816 Cinmmus
705 1761 860 1812 Mers-:uuus
879 1759 983 1823 Onnes,
1000 1759 1030 1810 L
1046 1759 1208 1810 Armine.

314 1912 389 1962 Initio
405 1911 465 1960 enni
477 1909 564 1960 Cioero
574 1908 663 1967 effecit,
675 1922 707 1956 ne
719 1906 751 1968 Q.
763 1906 831 1956 fratri
847 1907 873 1956 in
884 1905 948 1956 Asis
958 1906 1134 1956 incenderetur.
1167 1905 1198 1956 Ρ.
1213 1904 1313 1955 Clodi·

283 1990 409 2043 Ciceronis
420 1989 554 2039 ulcisoendi
564 2003 639 2038 censs
649 1987 787 2037 tribunatus
798 1986 903 2050 cupidus
918 1985 1087 2035 transitionem
1105 1984 1137 2033 sd
1153 1985 1254 2049 plebem
1267 1999 1314 2034 mo

281 2072 346 2121 litun
379 2070 465 2121 Cioero
476 2067 658 2118 munerarium
669 2063 797 2115 mundam
807 2065 846 2114 sni
857 2064 954 2125 scribit3
979 2065 1009 2112 de
1020 2065 1106 2112 eodem
1117 2065 1211 2112 librum
1224 2063 1314 2114 Grsme

281 2153 401 2215 seriptum
417 2149 480 2211 edit3
501 2149 606 2211 deniqne
623 2154 714 2212 poema
724 2146 755 2195 do
766 2145 895 2195 consulatu
906 2143 984 2193 tribus
1000 2143 1067 2192 libris
1078 2143 1218 2193 conscribit.
1252 2142 1315 2193 Item

281 2232 355 2283 Aren
365 2230 524 2296 prognostico
534 2227 643 2276 versibus
655 2227 751 2276 Latinis
761 2227 939 2289 interpretetur.

313 2311 371 2362 Hoc
381 2325 448 2360 suno
459 2309 490 2358 nd
500 2309 577 2358 linem
586 2315 702 2371 vergente
711 2306 847 2370 Pompeius
858 2317 916 2355 oum
929 2302 957 2356 O.
967 2302 1036 2354 Julio
1048 2303 1153 2356 Caesus
1163 2311 1190 2354 et
1204 2303 1244 2354 Μ.
1253 2303 1317 2354 Lisi-

281 2393 324 2444 nio
334 2391 425 2445 cresso
435 2390 569 2440 coitionem
579 2387 644 2438 lecit

637 2562 761 2623 Croeso
782 2564 907 2623 Anmoo
931 2561 962 2624 S.

363 2714 390 2770 1.
410 2711 493 2770 Nihil
512 2711 585 2768 mihi
605 2728 681 2767 nune
695 2709 767 2766 seito
781 2717 840 2766 tam
854 2708 953 2766 deesse
968 2725 1055 2782 quem
1068 2703 1226 2765 ¹hominem
1241 2725 1315 2779 enm,

321 2825 446 2882 quonum
465 2807 570 2877 omnin,
583 2823 658 2881 quae
678 2823 725 2864 me
744 2823 815 2862 eura
827 2803 926 2878 aliqua
938 2799 1073 2873 efficiunt,
1085 2821 1145 2860 uua
1158 2804 1318 2861 eommuni-

322 2921 393 2973 oem,
407 2903 457 2978 qni
470 2921 518 2959 me
531 2910 616 2971 emet,
630 2900 680 2976 qui
694 2899 794 2975 sapiat,
808 2899 923 2974 quicum
937 2917 992 2973 ego
1006 2899 1094 2955 etiam
1113 2898 1227 2973 loquer,
1243 2899 1315 2956 nihil

321 2999 437 3076 lingum,
450 2999 522 3056 nihil
543 2997 727 3066 dissimulem,
741 2995 813 3052 nihil
833 2995 975 3069 obtegam.
1016 2992 1121 3052 Abest·
1134 2996 1212 3052 enim
1226 2993 1315 3053 freter

283 3105 315 3156 10
324 3091 515 3170 ’ἀφελέστατος
534 3102 564 3152 et
583 3092 813 3158 amantissimum
832 3090 971 3148 Metellus
985 3087 1054 3148 ⁸non
1068 3091 1160 3162 homo,
1175 3092 1228 3149 sed
1249 3091 1313 3150 litus

321 3200 408 3265 atque
428 3197 480 3248 siis·
500 3198 529 3248 et
549 3189 671 3248 solitudo
684 3205 785 3254 mera;
805 3195 955 3256 tuentem,
970 3186 1019 3260 qui
1033 3186 1201 3262 saepissime
1214 3207 1313 3245 eurem

321 3295 351 3346 et
364 3305 501 3364 angorem
512 3285 600 3345 animi
610 3285 666 3342 mei
678 3301 808 3343 sermone
820 3292 848 3342 et
862 3283 979 3342 oonsilio
991 3284 1094 3342 levasti
1108 3292 1166 3357 tuo,
1177 3287 1229 3360 qui
1243 3287 1313 3343 milri

322 3391 351 3442 et
364 3384 393 3441 iu
407 3384 522 3460 publiea
534 3401 566 3441 re
582 3382 675 3440 socius
686 3389 716 3438 et
724 3381 754 3437 in
765 3381 885 3456 privetis
894 3381 1025 3438 omnibus
1033 3377 1173 3439 ⁴oouscius
1184 3391 1214 3439 et
1225 3385 1314 3440 omni-

321 3497 370 3537 um
381 3498 512 3537 meorum
521 3495 685 3536 sermonum
695 3485 725 3533 et
736 3477 917 3534 consiliorum
927 3476 1071 3552 particeps
1083 3494 1147 3535 esse
1158 3477 1243 3548 soles,
1254 3479 1314 3536 nbi·

282 3589 314 3637 lo
323 3595 391 3634 nem
405 3573 459 3633 es?
499 3574 547 3633 Itu
560 3592 624 3632 sum
639 3573 676 3630 ab
686 3573 818 3630 omnibus
832 3572 991 3644 destitutus,
1001 3569 1164 3630 nt³tentum
1175 3575 1313 3650 requietis

321 3672 452 3743 habeam,
461 3680 599 3746 quantum
609 3688 676 3728 oum
684 3664 788 3726 ‘uxore
800 3676 829 3726 et
839 3668 927 3726 filiole
938 3677 967 3725 et
975 3667 1084 3726 mellito
1096 3665 1238 3727 Cicerone
1248 3687 1314 3728 oon-

321 3769 450 3828 sumitur.
492 3766 570 3824 Nam
583 3766 650 3823 illae
663 3761 843 3825 'ambitiosae
856 3773 970 3822 nostrae
984 3762 1157 3839 fuoosueque
1170 3766 1312 3824 amicitiae

312 3936 331 3975 ἢ
347 3935 403 3987 ss
415 3935 436 3984 1.
450 3940 487 3985 ls.

312 4017 406 4066 Emer.
423 4013 474 4066 1v.
505 4013 617 4066 ‘thre
627 4026 678 4062 πω
692 4009 818 4076 Qiintnsl
