2934 4692
244 418 302 477 296
571 432 749 477 srrsrouaa
771 432 952 479 menuctus.

282 596 368 655 totius
381 594 488 671 negotii
502 612 600 672 posses
615 594 759 663 scribere3
780 595 834 653 etsi
848 594 986 673 Dexippo
999 616 1115 675 quoque
1127 601 1168 659 ita
1182 601 1286 679 impe-

281 692 354 763 ravi,
373 692 469 751 statim
491 692 549 749 huc
569 698 601 748 ut
621 701 792 759 recurreret,
806 692 887 750 etad
906 691 1024 752 fratrem
1039 696 1112 763 misi,
1125 708 1157 755 ut
1170 700 1284 757 crebro

280 792 444 851 tabellarios
464 790 599 848 mitteret
640 788 720 847 Nam
741 808 796 865 ego
816 808 852 847 eo
873 790 986 849 nomine
1006 809 1072 849 sum
1097 792 1283 870 Dyrrhachii

279 889 335 947 hoo
356 898 493 963 ternpore,
506 894 539 943 ut
552 902 639 960 quum
650 885 809 956 celerrime,
822 886 893 960 quid
905 895 1016 962 agatur,
1030 888 1155 959 audiam,
1165 898 1198 947 et
1209 908 1280 947 sum

254 992 359 1053 otnto3
394 983 494 1042 civitas
515 981 591 1039 enim
611 982 684 1039 hsce
704 999 856 1058 sempera
874 998 923 1040 me
943 981 1061 1041 defensa
1079 993 1132 1042 est.
1174 983 1280 1059 Quum

279 1078 397 1139 'inimici
410 1079 501 1137 nostri
515 1077 615 1135 venire
629 1078 770 1149 dicentur,
781 1086 843 1135 tum
856 1077 886 1135 iu
901 1077 1025 1154 Epirum
1040 1080 1096 1138 ibo.
1137 1080 1164 1137 5.
1187 1079 1281 1154 Quod

280 1178 380 1237 scribis
400 1184 438 1248 te,
451 1176 475 1233 si
496 1175 592 1245 velim,
605 1173 642 1232 ad
663 1192 710 1231 me
725 1184 894 1232 venturam:
915 1194 972 1251 ego
985 1195 1063 1248 vero,
1077 1196 1165 1253 quum
1183 1178 1282 1236 sciam

279 1292 413 1351 magnam
435 1280 546 1349 partem
568 1271 649 1329 istius
672 1270 768 1328 oneris
790 1271 842 1328 ahs
865 1280 894 1328 te
919 1272 1061 1345 sustineri,
1075 1282 1104 1331 tc
1126 1274 1191 1332 istic
1210 1292 1282 1334 esse

278 1370 352 1429 volo.
395 1368 428 1429 Si
441 1366 576 1445 perficitis
590 1366 667 1442 quod
680 1366 774 1441 agitis,
788 1385 835 1424 me
849 1367 953 1425 advos
967 1369 1067 1426 venire
1080 1378 1210 1446 oportet;
1228 1372 1282 1429 sin

241 1478 272 1527 ιο
282 1476 379 1524 autem
388 1464 568 1521 ——sed
581 1462 653 1520 nihil
666 1481 738 1538 opus
753 1471 796 1520 est
810 1463 922 1538 reliqua
936 1464 1069 1522 scribere
1110 1466 1159 1522 Ex
1171 1467 1282 1543 primis

279 1572 329 1621 aut
341 1558 494 1619 ”summum
508 1560 639 1618 secundis
653 1559 756 1617 litteris
772 1560 828 1617 tuis
840 1560 1014 1617 constituere
1030 1562 1195 1636 poterimus,
1206 1562 1282 1638 qnid

278 1659 360 1717 uobis
380 1656 543 1715 faciendum
562 1656 607 1714 sit.
648 1654 695 1713 Tu
710 1655 794 1713 modo
809 1655 847 1713 ad
861 1672 908 1713 ms
923 1651 1033 1714 ¹⁰veIIm
1046 1658 1142 1715 omnia
1154 1658 1283 1735 diligen-

279 1754 386 1813 tissime
407 1754 584 1830 personum
605 1752 658 1811 etsi
678 1752 771 1827 magis
787 1750 851 1827 jam
871 1748 954 1810 11reni
969 1770 1057 1828 quam
1071 1753 1170 1810 literas
1182 1754 1283 1812 debeo

279 1860 456 1926 exspectare
499 1846 586 1920 Oura,
607 1856 638 1906 ut
658 1848 757 1905 valeas
780 1855 810 1905 et
831 1848 872 1906 ita
889 1848 942 1905 tibi
964 1848 1147 1924 persuadeas,
1159 1850 1234 1906 mihi
1248 1858 1284 1908 te

241 1946 376 2007 locarius
398 1946 470 2003 nihil
494 1963 557 2003 esse
576 1962 631 2002 nec
652 1961 778 2019 unquam
798 1942 896 2002 fuisse.
938 1943 1023 2014 Vale,
1043 1962 1110 2003 mea
1129 1944 1286 2018 Terentia

280 2060 367 2117 quam
382 2060 435 2118 ego
449 2041 549 2099 videre
562 2039 671 2111 videor,
679 2040 783 2123 ⁵itaque
798 2040 932 2097 debilitor
945 2039 1078 2099 lacrimis.

319 2136 403 2195 Vale.
445 2135 547 2197 Pridie
562 2134 712 2193 Kalendas
727 2134 915 2194 Decembres.

549 2462 822 2525 EPISTOLA
862 2464 965 2524 lx.·

506 2617 570 2683 (Ser.
582 2630 639 2689 post
649 2623 749 2674 initium
760 2624 818 2673 anni
830 2624 863 2674 A.
876 2622 909 2674 U.
922 2622 951 2675 0.
964 2618 1030 2683 697.)

355 2734 356 2739 ’
436 2747 472 2800 a
483 2748 517 2801 u.
530 2748 559 2801 c.
570 2752 624 2801 est.
656 2750 724 2802 Anu
738 2751 767 2803 c.
779 2751 812 2801 rs.
825 2755 863 2803 ⁵7.
895 2751 966 2802 Anni
978 2751 1030 2803 cie
1043 2757 1081 2803 oo.

330 2891 787 2946 coss.1³.comuusouuruuus
806 2895 960 2959 Susanna,
979 2896 1011 2959 Q.
1029 2897 1189 2951 (latomos

616 2974 772 3027 Maroneus
788 2976 888 3029 Nasos.

270 3116 391 3168 Kalendis
407 3114 425 3166 J
426 3118 532 3168 aurariis
552 3118 674 3170 Lentulus
693 3118 812 3185 Spinther
829 3136 878 3172 cos.
891 3122 922 3171 de
934 3123 1072 3172 revocando
1084 3120 1138 3173 Cic
1150 3124 1178 3173 iu
1189 3133 1279 3174 aemtu

239 3212 312 3263 agero
322 3198 411 3261 coepit,
423 3198 595 3261 adjuvantibus
606 3198 656 3249 fere
667 3200 783 3250 omnibus
794 3201 898 3251 tribunis
910 3201 996 3266 plebis,
1009 3202 1132 3267 inprimis
1144 3202 1175 3253 P.
1188 3202 1277 3254 Sextio

239 3285 265 3326 et
275 3276 304 3329 Τ.
319 3276 405 3327 Annio
417 3276 519 3326 Milone.
552 3277 599 3327 liis
611 3280 698 3329 studiis
710 3280 826 3330 effectum
837 3290 882 3341 est,
891 3290 919 3331 ut
927 3283 1035 3346 primum
1045 3280 1071 3333 S.
1082 3281 1159 3333 ctum
1167 3284 1278 3333 deretde

238 3356 389 3420 ejussalute,
400 3356 488 3405 deiude
499 3356 543 3406 lex
553 3358 584 3406 de
595 3373 625 3409 eo
641 3360 780 3411 revocando
798 3361 831 3409 ad
848 3361 970 3426 populum
989 3361 1040 3410 lata
1057 3362 1121 3426 prid.
1133 3361 1201 3412 Nou.
1214 3362 1278 3414 Sex·

239 3437 274 3486 til.
287 3438 399 3488 omniurn
411 3439 575 3490 erumnarum
586 3457 707 3498 consensu
718 3446 813 3509 perlata
822 3452 867 3495 est
901 3444 997 3494 Eodem
1005 3444 1046 3492 die
1055 3442 1107 3491 Cio
1118 3442 1277 3506 Dyrrhachio

238 3518 361 3582 proiectus
371 3518 449 3569 Nouis
459 3520 548 3571 Sextil-
581 3523 680 3576 Tulliae
688 3528 765 3577 samii
774 3529 936 3579 Brundisium
946 3527 1019 3577 veuit
1049 3524 1112 3574 lude
1123 3522 1277 3588 pcrItalism

239 3599 351 3649 omnium
362 3592 561 3671 municipiorum,
573 3608 789 3673 praefecturarum,
803 3611 956 3660 coloniarum
968 3623 1067 3659 summa
1076 3604 1244 3672 gratulatione
1251 3612 1278 3651 et

238 3675 329 3740 plausu
347 3690 464 3745 exceptus
483 3682 592 3735 Romam
611 3688 678 3736 venit
695 3688 758 3751 pn'd.
771 3686 837 3738 Nou.
852 3688 920 3752 Sept.
934 3688 1057 3738 Postridie
1071 3680 1277 3743 concutiendo

238 3759 340 3821 populo,
352 3763 470 3812 concione
481 3779 497 3813 a
508 3765 649 3815 consulibus
660 3766 720 3816 data
736 3768 827 3831 gratias
838 3768 897 3833 egit
930 3766 997 3817 Prid.
1008 3766 1067 3816 Kal.
1078 3764 1135 3817 Oct
1146 3762 1199 3815 (fro
1207 3760 1277 3825 apud

238 3839 366 3901 pontifices
388 3857 432 3905 pro
450 3844 525 3913 domo
543 3844 608 3895 dicit
641 3846 741 3896 Domus
761 3849 787 3896 iu
806 3847 912 3908 Palatio,
932 3846 1077 3896 Tusculana
1096 3854 1123 3897 et
1140 3842 1277 3894 Formiana

239 3917 307 3979 villa,
318 3923 424 3984 pecunie
435 3924 541 3987 publica,
553 3925 724 3977 aestimatione
735 3926 809 3988 iacta,
821 3928 974 3977 aedificanda
983 3927 1087 3977 locatur.

465 4010 491 4023 ,,

623 4078 642 4117 ⁴
659 4076 704 4129 Ad
719 4078 791 4129 Fam.
808 4079 843 4130 V.
860 4085 883 4129 4.
