2934 4692
561 408 594 451 1·
616 407 744 451 cauom.

320 630 365 691 M.
385 631 420 692 Τ.
444 631 566 694 &cono
587 634 658 693 Iur.
678 634 721 693 ht
745 632 871 693 Cnroru
892 632 922 695 S.
944 634 983 693 D.

179 764 203 821 1.
222 759 347 821 Summe
359 771 410 820 tua
421 763 575 821 suctos-itus
585 761 654 821 lecit
666 780 820 837 meumque
832 767 1016 839 perpetuum·
1025 762 1063 819 de
1072 771 1124 822 tua

139 856 268 934 singulari
282 857 391 915 virtuts
400 856 550 932 judicium,
565 867 597 915 ut
609 858 707 934 magui
721 876 787 916 mes
797 858 935 916 interesse
948 870 1081 935 putorem
1094 867 1125 915 et

137 972 179 1013 res
192 972 247 1023 eos,
261 971 337 1028 quos
357 954 519 1031 gessissem,
531 955 584 1012 tibi
605 950 698 1011 ¹notes
711 972 783 1025 esse,
796 962 827 1012 et
843 973 901 1012 non
914 954 1040 1031 ignorari
1055 972 1073 1011 n
1086 965 1124 1025 te,

139 1068 192 1125 qno
209 1050 357 1125 aequitate
378 1059 408 1111 et
421 1050 594 1109 continentia
607 1060 704 1108 tuerer
717 1050 807 1108 socios
825 1051 1061 1127 provinciamque
1073 1050 1124 1108 ad·

136 1146 333 1205 ministrarem.
375 1145 417 1205 Iis
430 1147 507 1205 enim
517 1167 535 1205 n
545 1156 574 1206 te
585 1147 705 1223 cognitis
715 1147 877 1205 arbitrabar
885 1146 996 1205 facilius
1006 1165 1053 1203 me
1064 1147 1125 1218 tibi,
1147 1160 1163 1207 ὕ

137 1262 204 1319 quse
223 1243 344 1315 vellem,
370 1244 565 1321 probaturum.
607 1244 633 1299 2.
655 1242 753 1318 Quum
773 1244 805 1301 in
828 1244 1006 1321 provinciam
1031 1243 1124 1319 pridie

136 1340 198 1399 Kal.
219 1337 304 1399 Sext.
327 1342 473 1399 venissem
493 1350 523 1399 et
542 1349 660 1417 propter
679 1340 749 1397 soni
768 1350 883 1415 tempus
903 1340 941 1397 ad
963 1340 1123 1397 exercitum

136 1436 200 1493 mihi
221 1435 375 1495 confestim
397 1454 460 1495 esse
474 1435 601 1495 eundum
615 1436 753 1506 viderem,
767 1436 887 1493 biduum
900 1435 1060 1493 Laodiwae
1073 1434 1124 1505 sui,

138 1531 231 1591 deindo
244 1532 403 1607 Apameae
416 1531 609 1607 quatriduum,
623 1531 750 1589 triduum
764 1529 916 1608 Synnadis,
930 1531 1048 1589 totidem
1061 1531 1124 1589 dies

139 1626 304 1687 Philomelii.
333 1628 447 1703 Quibus
458 1629 487 1685 in
497 1628 608 1705 oppidis
618 1646 709 1702 quum
719 1626 818 1703 magni
828 1635 985 1686 conventus
994 1625 1123 1705 inissent,
1133 1639 1163 1688 to

137 1724 232 1783 multus
246 1725 384 1783 civitates
403 1725 593 1783 acerbissimis
608 1722 732 1781 ²tributis
750 1733 780 1781 et
796 1723 974 1800 gravissimis
987 1723 1081 1781 usuris
1094 1732 1125 1781 et

139 1819 202 1879 inlso
221 1840 290 1881 aere
311 1822 410 1879 alieno
429 1821 559 1880 liberavi.
601 1819 756 1895 Quumque
776 1829 844 1877 ante
858 1819 1014 1877 adventum
1027 1838 1124 1877 meum

140 1916 269 1976 seditione
282 1918 412 1993 quadem
424 1917 568 1975 exercitus
582 1926 658 1975 esset
678 1915 839 1991 dissipatus,
852 1915 981 1991 quinque
994 1916 1125 1974 cohortes

140 2011 194 2071 sine
205 2012 310 2088 legato,
325 2014 389 2071 sine
410 2014 523 2071 tribuno
537 2013 668 2079 militum,
681 2012 807 2086 denique
822 2012 910 2069 etiam
924 2011 986 2068 sine
999 2012 1124 2069 centuri-

139 2124 188 2165 one
207 2108 265 2165 ullo
284 2109 367 2185 opud
386 2108 592 2167 Philomelium
613 2107 817 2178 consedissent,
836 2106 965 2181 reliquus
978 2106 1123 2164 exercitus
1133 2118 1163 2167 15

141 2216 208 2263 esset
220 2207 248 2263 in
264 2206 423 2283 Lycaonia,
433 2206 475 2263 Μ.
490 2206 606 2265 Anneio
620 2206 716 2281 legato
729 2204 879 2280 imperavi,
892 2213 925 2263 ut
938 2223 987 2262 eas
997 2204 1125 2280 quinque

142 2301 261 2361 cohortes
281 2303 320 2361 ad
342 2303 485 2377 reliquum
507 2303 666 2361 exercitum
687 2302 807 2360 duceret
819 2310 973 2375 cunctoque
991 2300 1022 2357 in
1036 2319 1126 2359 unum

143 2394 225 2455 locum
240 2399 371 2457 exercitu
385 2407 479 2456 oostrs
493 2398 522 2455 in
537 2396 685 2475 Lycaonia
699 2396 777 2473 opud
797 2396 927 2455 Iconium
940 2394 1055 2455 faceret.
1095 2396 1124 2454 3.

144 2488 220 2565 Quod
238 2512 330 2569 quum
351 2495 388 2552 ab
401 2494 451 2551 illo
464 2494 617 2571 diligenter
631 2502 707 2551 esset
720 2503 825 2564 sctum,
838 2510 893 2569 ego
906 2492 936 2549 io
950 2502 1044 2551 costra
1057 2512 1083 2550 a
1097 2493 1125 2551 d

143 2585 207 2645 Vll.
221 2588 288 2647 Kal.
304 2588 468 2665 Septembr.
483 2590 558 2659 reni,
572 2608 663 2665 quom
684 2589 796 2647 interea
815 2587 1009 2664 superioribus
1021 2586 1165 2648 diebuszo

145 2699 177 2739 ex
189 2694 302 2742 moetus
316 2686 447 2743 consulto
459 2694 488 2743 et
509 2695 691 2743 evocatorum
714 2684 827 2741 firmum
841 2700 959 2740 monum
972 2693 1002 2741 et
1015 2684 1126 2758 equita·

146 2786 197 2835 tum
206 2799 273 2838 sane
284 2781 419 2839 idoneum
430 2790 458 2839 et
469 2781 637 2857 populorum
648 2781 805 2838 liberorum
815 2798 975 2855 regumque
985 2780 1126 2838 sociorum

146 2876 244 2933 auxilia
256 2877 420 2935 voluntarie
440 2878 689 2953 comparuissem.
732 2875 855 2933 Interim
876 2893 974 2950 quum,
995 2877 1126 2935 exercitu

147 2968 262 3043 lustrato,
274 2974 331 3031 iter
345 2973 374 3031 in
390 2971 521 3031 Cilicium
534 2973 630 3031 fecere
645 2974 811 3049 coepissem,
827 2972 895 3030 Kal.
911 2971 1072 3049 Septembr.
1087 2974 1126 3031 le·

147 3066 198 3139 goti
216 3085 234 3125 n
252 3086 320 3145 rege
343 3066 537 3145 Commageno
550 3068 588 3127 ad
608 3088 655 3128 me
673 3069 753 3127 missi
772 3066 1018 3145 ³pertumultuuse‚
1031 3082 1166 3146 nequeas

147 3168 308 3222 tamennon
331 3183 409 3247 vere,
429 3163 555 3225 Parthos
575 3166 605 3224 in
627 3165 743 3244 Syriam
764 3168 901 3226 transisse
914 3168 1125 3226 nuntiaverunt.

149 3256 172 3311 4,
191 3256 251 3332 Quo
270 3262 378 3332 sedito,
394 3261 581 3321 vehementer
601 3282 665 3321 sum
686 3274 845 3323 commotus
864 3283 953 3341 quum
974 3265 1011 3322 de
1032 3262 1128 3340 Syria,

149 3360 202 3411 tum
214 3355 248 3413 de
260 3374 325 3417 mea
339 3359 494 3433 provincis,
502 3360 538 3419 de
547 3362 657 3439 reliqua
668 3364 793 3439 denique
804 3363 886 3423 Asia.
926 3363 1030 3439 Itaque
1043 3381 1128 3423 exer·

149 3448 226 3507 titum
245 3454 314 3511 mihi
334 3454 494 3513 ducendum
516 3478 569 3536 per
584 3458 784 3537 Cappadociae
804 3462 951 3538 regionem
966 3478 1039 3531 eom,
1052 3477 1128 3534 quae

153 3539 269 3605 Cilicism
284 3551 444 3639 attingeret,
465 3556 573 3631 putavi.
616 3556 694 3615 Nam
708 3558 733 3615 si
747 3576 793 3615 me
807 3558 837 3615 iu
853 3556 985 3617 Ciliciam
999 3556 1182 3615 demisisso.

152 3656 211 3712 ⁸⁶¹⁰,
226 3643 353 3709 Ciliciam
374 3653 490 3729 quidem
510 3655 601 3731 ipsum
622 3664 739 3732 propter
752 3655 856 3713 montis
870 3655 978 3713 Amani
994 3664 1127 3712 naturum

152 3732 224 3797 facile
238 3746 391 3807 tenuissem
402 3771 411 3817 3
434 3748 505 3825 (dno
518 3760 585 3809 sunt
597 3751 675 3810 enim
688 3751 783 3809 aditus
793 3750 824 3809 in
839 3750 970 3811 Cilicium
980 3770 1020 3809 ex
1033 3749 1129 3827 Syria,

157 3944 264 4079 οιὶιιὶτ.
281 3952 338 4005 XX.
354 3954 628 4017 *Distbetcontiomm
637 3956 989 4022 periermeniarum
1003 3964 1115 4006 menan
1133 3954 1168 4006 V.

212 4064 217 4075 .
256 4036 294 4096 te,
305 4050 329 4085 n.
339 4040 363 4085 6.
