2934 4692
573 432 606 475 lt.
627 430 741 477 nmo.
1108 416 1167 477 803

136 614 224 675 quam
236 592 396 671 sapientiae
406 600 473 653 tuac
484 614 493 661 ;
512 590 557 651 siu
566 592 647 663 haec,
656 612 731 669 quae
742 592 833 653 ceteri
845 592 994 664 mirantur,
1004 599 1129 652 contem·

136 692 232 751 nenda
243 689 362 760 duxisti,
375 698 412 761 et,
426 706 517 764 quum
530 707 583 765 per
597 689 792 748 valetudinem
806 708 913 767 posses,
922 688 1021 747 venire
1031 696 1128 747 tamen

136 787 259 859 noluisti,
272 784 438 861 'unumque
459 783 558 855 laetor,
572 792 601 843 et
621 784 683 845 sine
702 785 799 843 dolore
813 783 940 861 corporis
954 793 983 842 te
996 782 1085 841 fuisse
1099 791 1129 845 et

136 886 229 943 animo
244 882 378 951 valuisse,
392 896 481 955 quum
502 898 546 950 ea,
560 898 634 955 qnae
654 881 716 939 sine
729 899 817 939 causa
834 880 976 939 mirantur
988 880 1047 949 alii,
1059 897 1128 955 neg·

134 980 258 1046 lexerisr
280 974 376 1037 ³modo
396 984 427 1035 ut
448 976 500 1033 tibi
518 977 675 1035 comtiterit
688 975 798 1034 fructus
812 977 862 1035 otii
875 976 926 1047 tui,
939 994 996 1051 quo
1009 975 1126 1051 quidem
1149 989 1166 1036 b

134 1076 183 1135 tibi
191 1074 303 1151 perfrui
312 1073 432 1135 mirifice
442 1072 531 1143 licuit,
543 1090 631 1147 quum
641 1090 720 1133 esses
735 1072 765 1130 in
774 1070 840 1131 ⁴ista
851 1073 1024 1131 amoenitate
1033 1090 1127 1147 paena

134 1172 206 1231 solus
219 1172 350 1233 relictus.
391 1170 497 1245 Neque
517 1176 614 1229 umen
633 1168 740 1241 dubito,
753 1170 823 1245 quin
837 1179 867 1228 tu
881 1188 921 1227 ex
934 1168 983 1227 illo
997 1168 1127 1230 cubiculo

133 1279 187 1339 tuo,
199 1286 238 1329 ex
252 1287 314 1344 quo
328 1268 379 1327 tibi
392 1265 574 1327 'Stabianum
588 1264 741 1343 perforasti
753 1276 783 1323 et
796 1264 954 1343 patefecisti
969 1264 1127 1337 Misenum,

133 1382 181 1439 per
194 1382 243 1423 eos
253 1365 320 1423 dies
330 1364 470 1424 matutina
478 1372 608 1439 tempora
618 1361 797 1421 lectiunculis
806 1360 1024 1436 consumpseris,
1035 1377 1126 1435 quum

133 1457 180 1517 illi
193 1461 317 1531 interea,
330 1460 381 1535 qui
400 1469 428 1519 te
442 1459 505 1519 istic
517 1458 705 1534 reliquerunt,
718 1466 883 1533 spectarent
895 1474 1060 1513 communes
1072 1454 1126 1511 mi·
1133 1465 1165 1517 1⁰

133 1574 189 1613 mos
201 1556 379 1616 semisomni.
420 1554 559 1630 usuquas
574 1572 644 1613 vero
658 1564 755 1630 partes
769 1554 828 1612 diei
842 1563 874 1611 tu
888 1552 1076 1612 consumebas
1089 1552 1125 1611 iis

134 1652 377 1722 delectationibus,
391 1670 462 1727 quas
476 1650 528 1708 tibi
541 1650 603 1727 ipse
618 1650 655 1712 ad
669 1649 821 1709 arbitrium
831 1659 912 1711 tuum
924 1666 1125 1723 compararas3

134 1749 207 1807 uobis
220 1759 324 1807 autem
335 1756 416 1809 eraut
437 1766 472 1805 ea
491 1746 688 1823 perpetienda,
702 1761 779 1822 quae
792 1746 901 1808 scilicet
917 1743 966 1821 Sp.
981 1739 1125 1804 'Maecius

135 1844 319 1918 probavisset
361 1844 388 1901 2.
409 1840 543 1915 Omnino,
562 1842 587 1899 si
608 1843 732 1918 quaeris,
752 1842 813 1902 ludi
833 1840 1054 1918 apparatissimi,
1073 1838 1125 1899 sed

134 1957 185 1997 non
198 1940 238 1997 tui
252 1939 396 1999 stomachi
406 1960 415 2007 ;
435 1937 629 2013 conjecturam
643 1938 721 1996 enim
730 1937 806 1997 facio
815 1937 852 1995 de
863 1956 936 1996 meo.
976 1936 1055 1995 Nam
1065 1936 1123 2013 pri·
1133 1950 1164 2001 1⁶

134 2054 206 2095 mum
217 2034 349 2098 ⁸horroris
363 2055 450 2097 causa
462 2036 493 2095 in
511 2054 627 2095 scenam
641 2035 786 2095 redierant
798 2034 828 2107 ii,
842 2053 914 2111 quos
928 2052 984 2111 ego
997 2029 1124 2093 ”bonoria

134 2150 214 2193 causa
234 2134 272 2193 de
299 2152 386 2193 scena
408 2132 563 2191 decessisse
586 2132 758 2191 arbitrabar.
799 2130 933 2191 Delicias
956 2150 1027 2189 vero
1048 2139 1125 2203 tuae,

136 2238 223 2291 noster
235 2230 382 2306 Aesopus,
396 2228 536 2304 ejusmodi
549 2228 612 2300 luit,
626 2236 658 2289 ut
673 2230 700 2287 ei
715 2228 847 2289 desinere
861 2246 914 2305 per
924 2228 1125 2289 omnesbomi·

136 2342 180 2383 nes
193 2325 303 2385 liceret.
345 2324 376 2385 Is
386 2324 487 2400 jurare
502 2343 590 2400 quum
604 2325 753 2401 coepisset,
767 2343 827 2383 vox
840 2343 907 2385 eum
917 2322 1023 2383 defecit
1033 2325 1064 2382 in
1073 2324 1124 2383 illo

136 2419 205 2479 boo:
226 2420 262 2480 Si
274 2420 461 2499 seierusullo.
504 2420 582 2495 Quid
596 2422 648 2479 tibi
661 2439 715 2497 ego
728 2420 787 2482 alia
798 2418 936 2479 narrem?
956 2421 1031 2478 nosti
1044 2420 1163 2483 enimn

136 2516 253 2591 rdiquos
266 2518 362 2578 ludos
403 2515 503 2591 Quid?
523 2536 560 2575 ne
574 2518 605 2576 id
618 2518 736 2593 quidem
745 2518 853 2595 leporis
863 2518 1035 2589 habuerunt,
1045 2518 1123 2593 quod

137 2612 220 2672 solent
232 2615 393 2673 mediocres
413 2614 493 2681 ludi;
513 2622 668 2690 apparatus
683 2614 763 2673 enim
779 2614 918 2699 spectatio
932 2615 1051 2673 tollebat
1063 2632 1123 2703 opt·

137 2724 197 2765 nem
209 2710 405 2778 bilaritstem3
424 2727 482 2784 quo
495 2709 612 2784 quidem
631 2720 773 2787 apparatu
786 2729 844 2769 noo
857 2710 965 2783 dubito,
978 2712 1049 2786 quin
1062 2711 1123 2769 ani·

138 2820 180 2861 mo
203 2806 377 2881 aequissimo
403 2806 539 2865 cameris.
582 2804 660 2880 Quid
687 2808 766 2865 enirn
792 2807 988 2868 delectationis
1015 2809 1123 2874 habent

138 2892 279 2961 1⁰sexcenti
300 2902 371 2959 muli
391 2902 422 2959 in
442 2899 717 2979 llClytaemnestra?
745 2904 847 2963 autin
866 2901 1161 2980 12Epicurojanoar

139 2988 326 3057 ”antemius
339 2999 396 3057 tria
408 2996 508 3060 milia?
530 3007 581 3059 aut
598 3010 746 3061 armatura
754 3000 837 3061 varia
849 3001 993 3077 peditatus
1002 3011 1032 3059 et
1042 3002 1122 3077 equi-

140 3098 206 3151 tatus
219 3095 248 3153 in
261 3096 360 3170 aliqua
373 3092 493 3172 pugna?
512 3113 588 3170 quae
601 3096 770 3172 popularem
782 3097 1001 3157 admirationem
1014 3098 1122 3157 habue-

140 3197 206 3259 runt,
218 3190 436 3251 delectationem
449 3191 502 3250 tibi
516 3192 625 3249 nullam
640 3192 811 3251 attulissent.
852 3192 881 3249 3.
903 3191 1012 3266 Quodsi
1027 3203 1057 3251 tu
1067 3212 1122 3271 par

140 3296 183 3339 sos
195 3284 252 3343 dies
265 3306 385 3363 operam
398 3286 502 3344 dedisti
511 3283 688 3363 1⁴Protogeni
702 3296 760 3358 tuo,
773 3287 926 3347 dummodo
939 3290 965 3347 is
978 3290 1029 3347 tibi
1039 3290 1121 3365 quid·

142 3378 178 3435 ris
197 3382 286 3456 potius
307 3400 396 3459 quam
415 3382 558 3441 orationes
577 3402 658 3443 meas
678 3383 790 3461 legerit,
803 3403 860 3444 nas
873 3393 903 3443 tu
924 3384 1002 3445 haud
1022 3386 1160 3461 paulloso

141 3471 205 3546 plus,
223 3496 309 3551 quam
330 3478 482 3552 quisquam
502 3485 640 3549 nostrum,
660 3478 856 3539 delectationis
876 3480 1010 3540 habuisti.
1051 3481 1119 3541 Non

142 3567 209 3625 anim
221 3580 248 3629 ts
261 3582 331 3648 puto
344 3569 496 3631 l‘Graecos
509 3582 559 3630 aut
573 3570 662 3631 Oscos
680 3573 763 3635 ludos
784 3574 970 3646 desiderasse,
990 3594 1120 3651 praeser-

142 3661 185 3719 tim
197 3682 283 3739 quum
296 3664 408 3726 ¹⁶Osoos
421 3668 502 3725 ludos
517 3667 566 3727 vel
578 3667 609 3727 in
623 3664 745 3729 1⁷senatu
759 3680 856 3731 vestro
870 3681 999 3747 spectare
1019 3672 1119 3747 possis,

145 3753 257 3821 Graecos
281 3764 322 3823 ita
345 3782 402 3822 non
425 3784 512 3836 ames,
534 3773 568 3823 ut
590 3784 628 3825 ns
650 3766 689 3825 ad
702 3768 802 3827 villam
822 3767 939 3843 quidem
952 3776 1032 3825 tuam
1049 3764 1119 3831 ”via

144 3848 246 3919 (ineos
264 3860 308 3919 irs
328 3860 429 3921 soleas.
469 3860 501 3919 N
501 3880 549 3919 am
563 3861 633 3938 quid
647 3882 702 3939 ego
715 3871 746 3921 te
758 3863 881 3925 athletas
894 3873 994 3940 putem
1007 3864 1159 3951 desiderat

143 3964 206 4022 rare,
218 3956 266 4029 qui
283 3956 457 4034 gladiatores
470 3957 699 4035 contempseris?
715 3959 867 4035 inquibus
884 3959 947 4037 ipse
961 3959 1118 4037 Pompeius

144 4048 278 4111 muitetur
296 4073 329 4115 se
349 4064 378 4115 st
397 4074 516 4133 operam
529 4064 560 4115 et
572 4056 668 4115 oleum
687 4057 855 4134 perdidisse.
897 4056 1039 4135 Reliquae
1050 4065 1119 4122 suni

855 4161 876 4205 r
