2934 4692
617 439 745 484 arrico.

492 696 764 758 EPISTOLA
803 696 865 756 V!

368 855 433 922 (ser.
444 856 541 907 Rornae
552 865 659 906 exeunte
670 855 777 918 Quintili
786 855 821 906 Δ.
833 855 865 906 U.
878 853 907 906 0.
918 854 983 918 695.)

331 981 367 1034 Δ.
385 983 418 1034 U.
434 982 463 1034 0.
481 987 536 1032 695.
569 983 637 1032 Ante
656 981 685 1033 C.
703 983 736 1032 N.
754 987 792 1032 ⁵9.
823 981 894 1032 Anni
913 981 965 1034 Cio·
983 986 1023 1032 ⁴8.

287 1111 359 1163 Cosa.
376 1111 405 1163 C.
421 1111 524 1162 domus
543 1111 663 1172 Caram,
681 1111 718 1161 bl.
738 1110 919 1162 Camunurua
935 1111 1072 1162 Braneus.

195 1256 283 1307 tieem
293 1257 444 1321 legationem
455 1256 500 1304 sibi
511 1271 528 1304 a
539 1255 643 1306 eseam
654 1256 764 1306 oblatam
776 1263 929 1321 aspernatur,
948 1256 1063 1320 idemque
1074 1255 1155 1304 locum
1167 1255 1193 1303 in

158 1335 222 1386 XX.
236 1337 304 1386 Viris
324 1352 384 1401 agro
405 1337 534 1400 Campano
554 1337 690 1385 dividundo
701 1345 806 1394 recusat.
841 1336 915 1398 Quod
928 1335 1020 1387 caesar
1031 1350 1103 1400 aegre
1114 1336 1192 1384 ferens

161 1415 288 1476 clodium,
298 1417 342 1480 qui
360 1431 386 1465 ae
404 1416 432 1464 P.
449 1416 552 1464 Fonteio
564 1417 659 1479 plebeio
671 1417 765 1466 homiui
776 1418 802 1466 in
813 1417 970 1480 adoptionem
982 1417 1088 1475 dederat,
1101 1417 1133 1464 ad
1144 1415 1194 1480 ple·

158 1494 217 1544 bem
228 1496 341 1544 traducit
373 1494 430 1544 Hoo
446 1510 512 1543 anno
525 1494 554 1544 C.
565 1496 698 1556 Antonius,
711 1505 768 1559 post
778 1497 883 1544 reditum
894 1511 908 1545 e
919 1496 1045 1560 proriueia
1055 1504 1192 1556 aecusatus,

159 1591 177 1625 a
189 1574 308 1626 Cioerone
325 1575 469 1624 defenditur.
502 1573 689 1625 Condemnatns
707 1586 791 1625 tamen
810 1577 881 1625 exsul
901 1576 951 1625 abit
968 1577 993 1624 iu
1007 1575 1191 1640 Cephalaniam.

158 1655 252 1705 Postea
269 1655 358 1706 Cicero
375 1655 472 1704 Aulum
490 1655 627 1704 Thermum
646 1655 683 1704 bia
703 1655 819 1716 defendit,
831 1656 967 1719 effecitque,
979 1663 1006 1704 ut
1017 1656 1191 1706 absolveretur.

159 1734 258 1784 Deinde
268 1736 406 1783 orationem
417 1733 504 1784 habuit
514 1749 558 1798 pm
569 1735 599 1782 L.
614 1734 744 1784 Vaaanto
760 1735 871 1784 Fuaoco
886 1751 902 1784 a
913 1735 946 1783 D.
954 1735 1040 1784 Laelio
1049 1737 1194 1799 repetunda·

160 1830 219 1864 rum
236 1823 361 1875 aecusato,
383 1829 490 1878 eumque
510 1815 540 1863 de
560 1814 767 1863 manifestissimis
786 1814 928 1864 criminibus
942 1815 993 1878 joei
1010 1807 1193 1880 opportunitate

159 1896 260 1944 exemit.

194 1973 295 2025 Caesari
313 1974 418 2033 consuli,
436 1974 564 2037 rogatione
575 1973 605 2023 P.
618 1973 715 2022 Vatinii
726 1973 781 2022 trib.
794 1973 837 2036 pl,
850 1973 928 2024 invito
937 1983 1032 2032 senatu,
1045 1971 1127 2024 Gallia
1137 1975 1192 2024 cite

156 2056 211 2104 rior
220 2069 278 2104 eum
297 2053 399 2118 Illyrico
410 2061 435 2101 et
445 2054 521 2102 tribua
532 2054 670 2118 legionibus
681 2054 707 2101 in
719 2054 897 2117 quinquenium
909 2054 1054 2114 decernitur,
1065 2069 1116 2118 qno
1126 2054 1192 2104 laeto

157 2143 259 2184 senatus
270 2135 294 2183 ei
305 2133 416 2184 Galliam
426 2133 568 2182 ulteriorem
579 2148 637 2182 curn
648 2133 698 2181 alin
709 2132 806 2196 legione
818 2133 895 2181 addit,
929 2133 958 2182 P.
972 2133 1075 2184 Clodius
1086 2134 1191 2183 comitiis

157 2217 292 2269 mibnnitiie
302 2217 356 2265 trib
367 2215 401 2279 pl.
413 2215 555 2280 designatur
565 2229 671 2278 eumque
682 2214 835 2264 tribunatum
845 2214 898 2264 adit
908 2229 991 2264 mense
1003 2215 1143 2266 Decembri.

516 2359 787 2446 Crcnnodrr1co
811 2359 841 2421 S.

202 2509 230 2564 1.
250 2506 299 2565 De
320 2526 353 2564 re
375 2506 489 2582 publiea
510 2505 580 2580 quid
601 2523 653 2580 ego
677 2505 729 2562 tibi
752 2501 931 2562 1subtiliter?
970 2503 1046 2562 Tota
1058 2505 1152 2581 periit,

158 2613 248 2679 atque
265 2604 321 2661 hoo
339 2612 382 2660 est
402 2601 543 2670 miserior,
556 2618 643 2675 quam
663 2600 815 2675 reliquisti,
829 2600 906 2674 qnod
925 2609 986 2658 tum
1000 2601 1152 2660 ridebatur

158 2699 300 2776 ejusmodi
318 2700 474 2757 dominatio
486 2698 632 2756 civitatem
645 2697 830 2773 oppressisse,
842 2715 917 2772 quae
933 2696 1062 2772 jucunda
1076 2707 1152 2758 esset

158 2797 345 2867 multitudini,
353 2793 447 2853 'bonis
460 2803 557 2852 antem
571 2794 612 2851 ita
624 2795 752 2864 molesta,
763 2801 795 2850 ut
805 2802 901 2852 tamen
911 2795 972 2852 sine
985 2789 1152 2871 ⁸pernioie⁸3

159 2911 237 2952 nuno
256 2903 377 2968 repente
390 2901 470 2949 tanto
483 2892 513 2947 in
527 2891 592 2948 odio
605 2900 649 2948 est
661 2890 802 2960 omnibus,
816 2899 856 2960 ut,
869 2887 1000 2964 ‘quorsus
1013 2901 1152 2968 eruptura
1175 2905 1191 2954 b

159 2990 207 3062 ait,
220 2989 396 3047 horreamus.
438 2987 516 3044 Nam
530 2987 708 3044 iracundiam
722 2997 810 3061 atque
825 2987 1076 3062 intemperantiam
1089 2989 1152 3046 illo-

158 3103 225 3142 rum
239 3103 339 3142 sumna
352 3083 474 3159 experti,
484 3083 536 3158 qui
545 3079 660 3140 ⁶Catoni
674 3083 740 3139 irati
751 3084 847 3140 omnia
857 3084 1050 3160 perdiderunt
1092 3085 1152 3146 Sed

158 3183 202 3240 ita
222 3182 336 3240 lenibus
359 3181 402 3238 nti
423 3180 597 3238 videbantur
619 3180 747 3250 venenis,
762 3189 793 3236 ut
814 3199 896 3256 posse
910 3180 1076 3240 videremur
1090 3183 1152 3240 sine

159 3279 258 3336 dolore
272 3277 399 3334 interire.
439 3275 527 3334 Nono
539 3294 611 3334 vero
624 3276 714 3334 sibilie
728 3277 818 3353 vulgi,
831 3279 1008 3338 sermonibus
1022 3279 1153 3337 honesto-

159 3393 233 3445 rum,
246 3373 362 3432 fremitu
378 3373 481 3431 ltaliae
495 3391 599 3432 vereor
615 3393 654 3432 ne
668 3375 839 3432 exarserint.
879 3377 906 3433 2.
929 3377 1074 3451 Equidem
1088 3395 1152 3453 spe·
1161 3389 1191 3437 to

158 3473 270 3542 mbram,
289 3479 322 3528 ut
341 3488 428 3545 saepe
449 3470 537 3527 etiam
557 3471 636 3545 loqui
656 3483 750 3528 teoom
772 3473 906 3544 solebam,
921 3474 961 3531 sie
980 3469 1090 3531 ‘orbem
1109 3474 1151 3532 rei

158 3566 294 3644 publiooe
303 3584 366 3623 esee
376 3585 556 3637 conversum,
564 3576 596 3625 nt
605 3568 657 3624 vix
668 3569 792 3627 sonitum
803 3571 911 3641 audire,
921 3571 973 3628 vix
984 3571 1152 3647 impressam

158 3663 282 3720 orbitam
297 3663 397 3721 videre
411 3683 579 3740 possemns;
599 3674 628 3723 at
642 3663 743 3723 suaset
756 3666 805 3738 ita,
819 3667 844 3725 si
857 3667 986 3726 homines
1000 3670 1152 3728 transitum

158 3754 362 3835 'tempestatis'
382 3770 552 3837 exspectare
572 3762 749 3837 potuisseut;
784 3763 835 3820 sed
855 3782 944 3840 quum
964 3764 1013 3821 diu
1041 3767 1152 3824 oooulte

190 3931 209 3969 0

189 3930 286 4062 Εινῖεῒ.
295 3931 381 4062 ἓξὲξ
387 4013 453 4062 Diat
465 4011 513 4061 bet
525 4009 580 4073 lte,
591 4013 726 4079 metopium
733 4011 871 4080 pmltieatio,
877 4016 955 4080 postia,
963 4015 1064 4080 mitimn,
1071 4019 1189 4085 pentola

159 4092 271 4157 interum
283 4094 333 4145 and
343 4093 425 4144 aim.
458 4091 493 4142 V.
503 4106 528 4142 n
538 4095 561 4140 ³.
