<?xml version="1.0" encoding="UTF-8"?>
<!DOCTYPE html PUBLIC "-//W3C//DTD XHTML 1.0 Transitional//EN"
    "http://www.w3.org/TR/xhtml1/DTD/xhtml1-transitional.dtd">
<html xmlns="http://www.w3.org/1999/xhtml" xml:lang="en" lang="en">
 <head>
  <title>
</title>
<meta http-equiv="Content-Type" content="text/html;charset=utf-8" />
  <meta name='ocr-system' content='tesseract 3.04.00' />
  <meta name='ocr-capabilities' content='ocr_page ocr_carea ocr_par ocr_line ocrx_word'/>
</head>
<body>
  <div class='ocr_page' id='page_1' title='image "./preparatorylati02hansgoog_0196.png"; bbox 0 0 2934 4692; ppageno 0'>
   <div class='ocr_carea' id='block_1_1' title="bbox 283 383 967 449">
    <p class='ocr_par' dir='ltr' id='par_1_1' title="bbox 283 383 967 449">
     <span class='ocr_line' id='line_1_1' title="bbox 283 383 967 449; baseline 0.001 -4"><span class='ocrx_word' id='word_1_1' title='bbox 283 383 341 445; x_wconf 76' lang='lat'><strong>182</strong></span> <span class='ocrx_word' id='word_1_2' title='bbox 624 401 652 445; x_wconf 86' lang='lat' dir='ltr'><strong>o.</strong></span> <span class='ocrx_word' id='word_1_3' title='bbox 673 403 841 447; x_wconf 70' lang='lat' dir='ltr'><strong>sunnam</strong></span> <span class='ocrx_word' id='word_1_4' title='bbox 862 404 967 449; x_wconf 83' lang='lat' dir='ltr'><strong>carsrr</strong></span> 
     </span>
    </p>
   </div>
   <div class='ocr_carea' id='block_1_2' title="bbox 318 561 1304 925">
    <p class='ocr_par' dir='ltr' id='par_1_2' title="bbox 318 561 1304 925">
     <span class='ocr_line' id='line_1_2' title="bbox 321 561 1303 637; baseline 0.004 -14"><span class='ocrx_word' id='word_1_5' title='bbox 321 563 422 623; x_wconf 72' lang='lat' dir='ltr'><strong>virtuti</strong></span> <span class='ocrx_word' id='word_1_6' title='bbox 436 572 549 623; x_wconf 87' lang='lat' dir='ltr'><strong>vestras</strong></span> <span class='ocrx_word' id='word_1_7' title='bbox 561 561 677 623; x_wconf 81' lang='lat' dir='ltr'><strong>fortuna</strong></span> <span class='ocrx_word' id='word_1_8' title='bbox 685 564 830 637; x_wconf 86' lang='lat' dir='ltr'><strong>inviderit,</strong></span> <span class='ocrx_word' id='word_1_9' title='bbox 837 561 960 625; x_wconf 67' lang='lat' dir='ltr'><strong>”cavete</strong></span> <span class='ocrx_word' id='word_1_10' title='bbox 970 564 1052 625; x_wconf 86' lang='lat' dir='ltr'><strong>inulti</strong></span> <span class='ocrx_word' id='word_1_11' title='bbox 1062 566 1188 625; x_wconf 87' lang='lat' dir='ltr'><strong>animam</strong></span> <span class='ocrx_word' id='word_1_12' title='bbox 1199 566 1303 627; x_wconf 80' lang='lat' dir='ltr'><strong>amitta-</strong></span> 
     </span>
     <span class='ocr_line' id='line_1_3' title="bbox 318 659 1304 737; baseline 0.006 -20"><span class='ocrx_word' id='word_1_13' title='bbox 318 659 367 732; x_wconf 82' lang='lat' dir='ltr'><strong>tis,</strong></span> <span class='ocrx_word' id='word_1_14' title='bbox 379 678 436 719; x_wconf 85' lang='lat' dir='ltr'><strong>neu</strong></span> <span class='ocrx_word' id='word_1_15' title='bbox 456 659 534 736; x_wconf 85' lang='lat' dir='ltr'><strong>capti</strong></span> <span class='ocrx_word' id='word_1_16' title='bbox 553 660 647 736; x_wconf 87' lang='lat' dir='ltr'><strong>potius</strong></span> <span class='ocrx_word' id='word_1_17' title='bbox 665 660 749 719; x_wconf 84' lang='lat' dir='ltr'><strong>sicuti</strong></span> <span class='ocrx_word' id='word_1_18' title='bbox 762 678 868 737; x_wconf 86' lang='lat' dir='ltr'><strong>peoora</strong></span> <span class='ocrx_word' id='word_1_19' title='bbox 881 661 1069 733; x_wconf 80' lang='lat' dir='ltr'><strong>trucidemini,</strong></span> <span class='ocrx_word' id='word_1_20' title='bbox 1083 680 1170 737; x_wconf 90' lang='lat' dir='ltr'><strong>quam</strong></span> <span class='ocrx_word' id='word_1_21' title='bbox 1184 663 1304 723; x_wconf 85' lang='lat' dir='ltr'><strong>virorum</strong></span> 
     </span>
     <span class='ocr_line' id='line_1_4' title="bbox 319 756 1303 835; baseline 0.002 -17"><span class='ocrx_word' id='word_1_22' title='bbox 319 774 401 818; x_wconf 80' lang='lat' dir='ltr'><strong>more</strong></span> <span class='ocrx_word' id='word_1_23' title='bbox 414 766 575 835; x_wconf 73' lang='lat' dir='ltr'><strong>pugnantes</strong></span> <span class='ocrx_word' id='word_1_24' title='bbox 587 766 738 817; x_wconf 83' lang='lat' dir='ltr'><strong>cruentam</strong></span> <span class='ocrx_word' id='word_1_25' title='bbox 750 768 838 833; x_wconf 86' lang='lat' dir='ltr'><strong>atque</strong></span> <span class='ocrx_word' id='word_1_26' title='bbox 850 756 1011 817; x_wconf 70' lang='lat' dir='ltr'><strong>luctuosam</strong></span> <span class='ocrx_word' id='word_1_27' title='bbox 1021 758 1170 818; x_wconf 83' lang='lat' dir='ltr'><strong>victoriam</strong></span> <span class='ocrx_word' id='word_1_28' title='bbox 1183 760 1303 821; x_wconf 82' lang='lat' dir='ltr'><strong>hostibus</strong></span> 
     </span>
     <span class='ocr_line' id='line_1_5' title="bbox 318 850 516 925; baseline 0 -16"><span class='ocrx_word' id='word_1_29' title='bbox 318 850 516 925; x_wconf 71' lang='lat' dir='ltr'><strong>relnquous”</strong></span> 
     </span>
    </p>
   </div>
   <div class='ocr_carea' id='block_1_3' title="bbox 294 944 1412 1315">
    <p class='ocr_par' dir='ltr' id='par_1_3' title="bbox 294 944 1412 1315">
     <span class='ocr_line' id='line_1_6' title="bbox 294 944 1411 1040; baseline 0.004 -33"><span class='ocrx_word' id='word_1_30' title='bbox 294 959 311 1007; x_wconf 78' lang='lat' dir='ltr'><strong>t</strong></span> <span class='ocrx_word' id='word_1_31' title='bbox 361 944 448 1003; x_wconf 85' lang='lat' dir='ltr'>LIX.</span> <span class='ocrx_word' id='word_1_32' title='bbox 488 944 633 1006; x_wconf 84' lang='lat' dir='ltr'><strong>Haecobi</strong></span> <span class='ocrx_word' id='word_1_33' title='bbox 642 947 725 1020; x_wconf 88' lang='lat' dir='ltr'><strong>dixit,</strong></span> <span class='ocrx_word' id='word_1_34' title='bbox 735 947 895 1024; x_wconf 87' lang='lat' dir='ltr'><strong>paullulum</strong></span> <span class='ocrx_word' id='word_1_35' title='bbox 906 957 1095 1009; x_wconf 85' lang='lat' dir='ltr'><strong>commoratus</strong></span> <span class='ocrx_word' id='word_1_36' title='bbox 1106 946 1200 1027; x_wconf 79' lang='lat' dir='ltr'><strong>¹signs</strong></span> <span class='ocrx_word' id='word_1_37' title='bbox 1209 969 1304 1010; x_wconf 75' lang='lat' dir='ltr'><strong>canem</strong></span> <span class='ocrx_word' id='word_1_38' title='bbox 1406 1001 1411 1040; x_wconf 53' lang='grc' dir='ltr'>ἰ</span> 
     </span>
     <span class='ocr_line' id='line_1_7' title="bbox 316 1040 1305 1121; baseline 0.006 -21"><span class='ocrx_word' id='word_1_39' title='bbox 316 1040 667 1119; x_wconf 69' lang='lat' dir='ltr'><strong>jubetatqoeinstruotos</strong></span> <span class='ocrx_word' id='word_1_40' title='bbox 677 1044 792 1103; x_wconf 76' lang='lat' dir='ltr'><strong>ordines</strong></span> <span class='ocrx_word' id='word_1_41' title='bbox 804 1045 833 1103; x_wconf 89' lang='lat' dir='ltr'><strong>in</strong></span> <span class='ocrx_word' id='word_1_42' title='bbox 844 1044 939 1103; x_wconf 88' lang='lat' dir='ltr'><strong>locum</strong></span> <span class='ocrx_word' id='word_1_43' title='bbox 946 1046 1202 1121; x_wconf 80' lang='lat' dir='ltr'><strong>aequumdeduoit.</strong></span> <span class='ocrx_word' id='word_1_44' title='bbox 1226 1046 1305 1119; x_wconf 76' lang='lat' dir='ltr'><strong>Dein,</strong></span> 
     </span>
     <span class='ocr_line' id='line_1_8' title="bbox 320 1136 1411 1219; baseline 0.004 -20"><span class='ocrx_word' id='word_1_45' title='bbox 320 1136 449 1199; x_wconf 79' lang='lat' dir='ltr'><strong>¹remotis</strong></span> <span class='ocrx_word' id='word_1_46' title='bbox 461 1140 589 1199; x_wconf 88' lang='lat' dir='ltr'><strong>omnium</strong></span> <span class='ocrx_word' id='word_1_47' title='bbox 602 1140 693 1214; x_wconf 84' lang='lat' dir='ltr'><strong>equis,</strong></span> <span class='ocrx_word' id='word_1_48' title='bbox 706 1160 764 1216; x_wconf 90' lang='lat' dir='ltr'><strong>quo</strong></span> <span class='ocrx_word' id='word_1_49' title='bbox 777 1141 924 1213; x_wconf 86' lang='lat' dir='ltr'><strong>militibus,</strong></span> <span class='ocrx_word' id='word_1_50' title='bbox 937 1152 1099 1218; x_wconf 84' lang='lat' dir='ltr'><strong>exaequato</strong></span> <span class='ocrx_word' id='word_1_51' title='bbox 1112 1143 1307 1219; x_wconf 66' lang='lat' dir='ltr'><strong>periodum·</strong></span> <span class='ocrx_word' id='word_1_52' title='bbox 1407 1187 1411 1196; x_wconf 90' lang='lat'><em>.</em></span> 
     </span>
     <span class='ocr_line' id='line_1_9' title="bbox 319 1219 1412 1315; baseline 0.003 -19"><span class='ocrx_word' id='word_1_53' title='bbox 319 1235 396 1296; x_wconf 86' lang='lat' dir='ltr'><strong>imus</strong></span> <span class='ocrx_word' id='word_1_54' title='bbox 416 1234 539 1311; x_wconf 87' lang='lat' dir='ltr'><strong>amplior</strong></span> <span class='ocrx_word' id='word_1_55' title='bbox 558 1244 643 1307; x_wconf 81' lang='lat' dir='ltr'><strong>essct,</strong></span> <span class='ocrx_word' id='word_1_56' title='bbox 663 1236 726 1311; x_wconf 87' lang='lat' dir='ltr'><strong>ipse</strong></span> <span class='ocrx_word' id='word_1_57' title='bbox 748 1232 848 1313; x_wconf 81' lang='lat' dir='ltr'><strong>³pedes</strong></span> <span class='ocrx_word' id='word_1_58' title='bbox 871 1239 1034 1299; x_wconf 87' lang='lat' dir='ltr'><strong>exercitum</strong></span> <span class='ocrx_word' id='word_1_59' title='bbox 1055 1236 1117 1315; x_wconf 77' lang='lat' dir='ltr'><strong>‘pro</strong></span> <span class='ocrx_word' id='word_1_60' title='bbox 1138 1239 1202 1297; x_wconf 88' lang='lat' dir='ltr'><strong>loco</strong></span> <span class='ocrx_word' id='word_1_61' title='bbox 1223 1250 1306 1315; x_wconf 83' lang='lat' dir='ltr'><strong>atque</strong></span> <span class='ocrx_word' id='word_1_62' title='bbox 1407 1219 1412 1248; x_wconf 70' lang='lat'>⁵</span> 
     </span>
    </p>
   </div>
   <div class='ocr_carea' id='block_1_4' title="bbox 282 1330 1309 1603">
    <p class='ocr_par' dir='ltr' id='par_1_4' title="bbox 282 1330 1309 1603">
     <span class='ocr_line' id='line_1_10' title="bbox 319 1330 1308 1411; baseline 0.004 -20"><span class='ocrx_word' id='word_1_63' title='bbox 319 1332 411 1407; x_wconf 86' lang='lat' dir='ltr'><strong>copiis</strong></span> <span class='ocrx_word' id='word_1_64' title='bbox 424 1331 546 1389; x_wconf 81' lang='lat' dir='ltr'><strong>iustruit</strong></span> <span class='ocrx_word' id='word_1_65' title='bbox 585 1330 674 1404; x_wconf 86' lang='lat' dir='ltr'><strong>Nam,</strong></span> <span class='ocrx_word' id='word_1_66' title='bbox 687 1333 729 1391; x_wconf 90' lang='lat' dir='ltr'><strong>uti</strong></span> <span class='ocrx_word' id='word_1_67' title='bbox 743 1334 875 1411; x_wconf 72' lang='lat' dir='ltr'><strong>plenifice</strong></span> <span class='ocrx_word' id='word_1_68' title='bbox 889 1344 951 1395; x_wconf 87' lang='lat' dir='ltr'><strong>erat</strong></span> <span class='ocrx_word' id='word_1_69' title='bbox 963 1332 1051 1393; x_wconf 67' lang='lat' dir='ltr'><strong>³inter</strong></span> <span class='ocrx_word' id='word_1_70' title='bbox 1059 1335 1188 1395; x_wconf 84' lang='lat' dir='ltr'><strong>sinistros</strong></span> <span class='ocrx_word' id='word_1_71' title='bbox 1201 1345 1308 1395; x_wconf 87' lang='lat' dir='ltr'><strong>montes</strong></span> 
     </span>
     <span class='ocr_line' id='line_1_11' title="bbox 282 1428 1309 1507; baseline -0.001 -15"><span class='ocrx_word' id='word_1_72' title='bbox 282 1438 353 1492; x_wconf 79' lang='lat' dir='ltr'><strong>loct</strong></span> <span class='ocrx_word' id='word_1_73' title='bbox 371 1429 409 1487; x_wconf 91' lang='lat' dir='ltr'><strong>ab</strong></span> <span class='ocrx_word' id='word_1_74' title='bbox 429 1428 533 1487; x_wconf 84' lang='lat' dir='ltr'><strong>dextra</strong></span> <span class='ocrx_word' id='word_1_75' title='bbox 551 1433 637 1505; x_wconf 80' lang='lat' dir='ltr'><strong>rope·</strong></span> <span class='ocrx_word' id='word_1_76' title='bbox 656 1448 769 1507; x_wconf 86' lang='lat' dir='ltr'><strong>aspera,</strong></span> <span class='ocrx_word' id='word_1_77' title='bbox 781 1440 845 1491; x_wconf 89' lang='lat' dir='ltr'><strong>octo</strong></span> <span class='ocrx_word' id='word_1_78' title='bbox 859 1432 989 1492; x_wconf 72' lang='lat' dir='ltr'><strong>cohortes</strong></span> <span class='ocrx_word' id='word_1_79' title='bbox 1002 1434 1034 1491; x_wconf 87' lang='lat' dir='ltr'><strong>in</strong></span> <span class='ocrx_word' id='word_1_80' title='bbox 1051 1430 1145 1491; x_wconf 81' lang='lat' dir='ltr'><strong>fronte</strong></span> <span class='ocrx_word' id='word_1_81' title='bbox 1158 1433 1309 1505; x_wconf 85' lang='lat' dir='ltr'><strong>constituit,</strong></span> 
     </span>
     <span class='ocr_line' id='line_1_12' title="bbox 319 1520 1309 1603; baseline 0.006 -20"><span class='ocrx_word' id='word_1_82' title='bbox 319 1525 498 1600; x_wconf 79' lang='lat' dir='ltr'><strong>reliquorum</strong></span> <span class='ocrx_word' id='word_1_83' title='bbox 517 1520 612 1603; x_wconf 77' lang='lat' dir='ltr'><strong>‘signa</strong></span> <span class='ocrx_word' id='word_1_84' title='bbox 623 1526 655 1585; x_wconf 90' lang='lat' dir='ltr'><strong>in</strong></span> <span class='ocrx_word' id='word_1_85' title='bbox 669 1528 796 1587; x_wconf 85' lang='lat' dir='ltr'><strong>subsidio</strong></span> <span class='ocrx_word' id='word_1_86' title='bbox 810 1529 899 1589; x_wconf 74' lang='lat' dir='ltr'><strong>miae</strong></span> <span class='ocrx_word' id='word_1_87' title='bbox 912 1529 1040 1589; x_wconf 81' lang='lat' dir='ltr'><strong>collocat.</strong></span> <span class='ocrx_word' id='word_1_88' title='bbox 1080 1524 1140 1587; x_wconf 79' lang='lat' dir='ltr'><strong>&#39;Ab</strong></span> <span class='ocrx_word' id='word_1_89' title='bbox 1154 1529 1199 1589; x_wconf 87' lang='lat' dir='ltr'><strong>bis</strong></span> <span class='ocrx_word' id='word_1_90' title='bbox 1213 1540 1309 1589; x_wconf 87' lang='lat' dir='ltr'><strong>centu·</strong></span> 
     </span>
    </p>
   </div>
   <div class='ocr_carea' id='block_1_5' title="bbox 283 1618 1311 1993">
    <p class='ocr_par' dir='ltr' id='par_1_5' title="bbox 283 1618 1311 1993">
     <span class='ocr_line' id='line_1_13' title="bbox 320 1618 1310 1703; baseline 0 -20"><span class='ocrx_word' id='word_1_91' title='bbox 320 1620 426 1691; x_wconf 65' lang='lat' dir='ltr'><strong>mones,</strong></span> <span class='ocrx_word' id='word_1_92' title='bbox 452 1620 543 1679; x_wconf 86' lang='lat' dir='ltr'><strong>omnis</strong></span> <span class='ocrx_word' id='word_1_93' title='bbox 570 1618 680 1681; x_wconf 72' lang='lat' dir='ltr'><strong>lectosi</strong></span> <span class='ocrx_word' id='word_1_94' title='bbox 703 1632 733 1681; x_wconf 86' lang='lat' dir='ltr'><strong>et</strong></span> <span class='ocrx_word' id='word_1_95' title='bbox 757 1620 911 1697; x_wconf 83' lang='lat' dir='ltr'><strong>evocatos,b</strong></span> <span class='ocrx_word' id='word_1_96' title='bbox 935 1635 1084 1701; x_wconf 83' lang='lat' dir='ltr'><strong>praeterea</strong></span> <span class='ocrx_word' id='word_1_97' title='bbox 1107 1644 1146 1683; x_wconf 87' lang='lat' dir='ltr'><strong>ex</strong></span> <span class='ocrx_word' id='word_1_98' title='bbox 1173 1626 1310 1703; x_wconf 78' lang='lat' dir='ltr'><strong>gregariis</strong></span> 
     </span>
     <span class='ocr_line' id='line_1_14' title="bbox 319 1720 1310 1800; baseline 0 -17"><span class='ocrx_word' id='word_1_99' title='bbox 319 1720 459 1783; x_wconf 80' lang='lat' dir='ltr'><strong>militibus</strong></span> <span class='ocrx_word' id='word_1_100' title='bbox 478 1730 629 1797; x_wconf 89' lang='lat' dir='ltr'><strong>optumum</strong></span> <span class='ocrx_word' id='word_1_101' title='bbox 648 1741 791 1799; x_wconf 84' lang='lat' dir='ltr'><strong>quemque</strong></span> <span class='ocrx_word' id='word_1_102' title='bbox 804 1732 947 1783; x_wconf 85' lang='lat' dir='ltr'><strong>armatam</strong></span> <span class='ocrx_word' id='word_1_103' title='bbox 959 1724 990 1781; x_wconf 94' lang='lat' dir='ltr'><strong>in</strong></span> <span class='ocrx_word' id='word_1_104' title='bbox 1004 1724 1125 1800; x_wconf 85' lang='lat' dir='ltr'><strong>primam</strong></span> <span class='ocrx_word' id='word_1_105' title='bbox 1139 1726 1232 1783; x_wconf 86' lang='lat' dir='ltr'><strong>aciem</strong></span> <span class='ocrx_word' id='word_1_106' title='bbox 1247 1725 1310 1783; x_wconf 86' lang='lat' dir='ltr'><strong>sub·</strong></span> 
     </span>
     <span class='ocr_line' id='line_1_15' title="bbox 317 1814 1310 1894; baseline 0.003 -18"><span class='ocrx_word' id='word_1_107' title='bbox 317 1816 409 1876; x_wconf 78' lang='lat' dir='ltr'><strong>droit.</strong></span> <span class='ocrx_word' id='word_1_108' title='bbox 450 1814 485 1875; x_wconf 76' lang='lat' dir='ltr'><strong>(i.</strong></span> <span class='ocrx_word' id='word_1_109' title='bbox 504 1816 649 1875; x_wconf 85' lang='lat' dir='ltr'><strong>Manlium</strong></span> <span class='ocrx_word' id='word_1_110' title='bbox 663 1818 694 1875; x_wconf 89' lang='lat' dir='ltr'><strong>in</strong></span> <span class='ocrx_word' id='word_1_111' title='bbox 706 1818 818 1890; x_wconf 85' lang='lat' dir='ltr'><strong>dextra,</strong></span> <span class='ocrx_word' id='word_1_112' title='bbox 833 1817 1029 1877; x_wconf 71' lang='lat' dir='ltr'><strong>Faesulanum</strong></span> <span class='ocrx_word' id='word_1_113' title='bbox 1050 1820 1202 1894; x_wconf 84' lang='lat' dir='ltr'><strong>quemdam</strong></span> <span class='ocrx_word' id='word_1_114' title='bbox 1222 1820 1253 1877; x_wconf 90' lang='lat' dir='ltr'><strong>in</strong></span> <span class='ocrx_word' id='word_1_115' title='bbox 1276 1820 1310 1879; x_wconf 86' lang='lat' dir='ltr'><strong>si·</strong></span> 
     </span>
     <span class='ocr_line' id='line_1_16' title="bbox 283 1911 1311 1993; baseline 0.002 -20"><span class='ocrx_word' id='word_1_116' title='bbox 283 1911 415 1978; x_wconf 78' lang='lat' dir='ltr'><strong>louisua</strong></span> <span class='ocrx_word' id='word_1_117' title='bbox 427 1922 510 1989; x_wconf 83' lang='lat' dir='ltr'><strong>parts</strong></span> <span class='ocrx_word' id='word_1_118' title='bbox 520 1932 622 1973; x_wconf 78' lang='lat' dir='ltr'><strong>comte</strong></span> <span class='ocrx_word' id='word_1_119' title='bbox 632 1912 734 1988; x_wconf 87' lang='lat' dir='ltr'><strong>jubet:</strong></span> <span class='ocrx_word' id='word_1_120' title='bbox 748 1916 810 1991; x_wconf 85' lang='lat' dir='ltr'><strong>ipse</strong></span> <span class='ocrx_word' id='word_1_121' title='bbox 823 1933 889 1973; x_wconf 91' lang='lat' dir='ltr'><strong>cum</strong></span> <span class='ocrx_word' id='word_1_122' title='bbox 903 1915 1013 1973; x_wconf 87' lang='lat' dir='ltr'><strong>libertis</strong></span> <span class='ocrx_word' id='word_1_123' title='bbox 1026 1926 1056 1975; x_wconf 90' lang='lat' dir='ltr'><strong>et</strong></span> <span class='ocrx_word' id='word_1_124' title='bbox 1064 1911 1182 1975; x_wconf 84' lang='lat' dir='ltr'><strong>⁸oolonis</strong></span> <span class='ocrx_word' id='word_1_125' title='bbox 1193 1924 1311 1993; x_wconf 84' lang='lat' dir='ltr'><strong>propter</strong></span> 
     </span>
    </p>
   </div>
   <div class='ocr_carea' id='block_1_6' title="bbox 280 2008 1311 2762">
    <p class='ocr_par' dir='ltr' id='par_1_6' title="bbox 280 2008 1311 2762">
     <span class='ocr_line' id='line_1_17' title="bbox 320 2008 1311 2086; baseline 0.002 -17"><span class='ocrx_word' id='word_1_126' title='bbox 320 2009 450 2086; x_wconf 84' lang='lat' dir='ltr'><strong>aquilam</strong></span> <span class='ocrx_word' id='word_1_127' title='bbox 462 2010 581 2081; x_wconf 79' lang='lat' dir='ltr'><strong>adsistit,</strong></span> <span class='ocrx_word' id='word_1_128' title='bbox 595 2029 683 2085; x_wconf 88' lang='lat' dir='ltr'><strong>quam</strong></span> <span class='ocrx_word' id='word_1_129' title='bbox 703 2010 780 2069; x_wconf 91' lang='lat' dir='ltr'><strong>bello</strong></span> <span class='ocrx_word' id='word_1_130' title='bbox 795 2008 939 2070; x_wconf 86' lang='lat' dir='ltr'><strong>Cimbrico</strong></span> <span class='ocrx_word' id='word_1_131' title='bbox 954 2008 987 2069; x_wconf 85' lang='lat' dir='ltr'><strong>C.</strong></span> <span class='ocrx_word' id='word_1_132' title='bbox 1008 2010 1121 2071; x_wconf 82' lang='lat' dir='ltr'><strong>Mariua</strong></span> <span class='ocrx_word' id='word_1_133' title='bbox 1134 2012 1165 2071; x_wconf 88' lang='lat' dir='ltr'><strong>in</strong></span> <span class='ocrx_word' id='word_1_134' title='bbox 1179 2014 1311 2071; x_wconf 79' lang='lat' dir='ltr'><strong>exercita</strong></span> 
     </span>
     <span class='ocr_line' id='line_1_18' title="bbox 319 2104 1311 2182; baseline 0.001 -16"><span class='ocrx_word' id='word_1_135' title='bbox 319 2106 456 2167; x_wconf 85' lang='lat' dir='ltr'><strong>babuisse</strong></span> <span class='ocrx_word' id='word_1_136' title='bbox 469 2106 626 2165; x_wconf 87' lang='lat' dir='ltr'><strong>dicebatur.</strong></span> <span class='ocrx_word' id='word_1_137' title='bbox 665 2106 710 2163; x_wconf 82' lang='lat' dir='ltr'><strong>At</strong></span> <span class='ocrx_word' id='word_1_138' title='bbox 722 2124 762 2163; x_wconf 81' lang='lat' dir='ltr'><strong>ex</strong></span> <span class='ocrx_word' id='word_1_139' title='bbox 771 2106 863 2165; x_wconf 86' lang='lat' dir='ltr'><strong>altera</strong></span> <span class='ocrx_word' id='word_1_140' title='bbox 873 2116 955 2182; x_wconf 84' lang='lat' dir='ltr'><strong>parte</strong></span> <span class='ocrx_word' id='word_1_141' title='bbox 968 2104 1002 2165; x_wconf 87' lang='lat' dir='ltr'><strong>C.</strong></span> <span class='ocrx_word' id='word_1_142' title='bbox 1013 2106 1166 2177; x_wconf 81' lang='lat' dir='ltr'><strong>Antonius,</strong></span> <span class='ocrx_word' id='word_1_143' title='bbox 1180 2108 1311 2182; x_wconf 68' lang='lat' dir='ltr'><strong>pedibus*</strong></span> 
     </span>
     <span class='ocr_line' id='line_1_19' title="bbox 318 2201 1309 2283; baseline 0 -22"><span class='ocrx_word' id='word_1_144' title='bbox 318 2222 417 2283; x_wconf 76' lang='lat' dir='ltr'><strong>aeger,</strong></span> <span class='ocrx_word' id='word_1_145' title='bbox 429 2203 507 2279; x_wconf 91' lang='lat' dir='ltr'><strong>quod</strong></span> <span class='ocrx_word' id='word_1_146' title='bbox 527 2202 636 2279; x_wconf 87' lang='lat' dir='ltr'><strong>praelio</strong></span> <span class='ocrx_word' id='word_1_147' title='bbox 649 2202 751 2261; x_wconf 84' lang='lat' dir='ltr'><strong>adesse</strong></span> <span class='ocrx_word' id='word_1_148' title='bbox 764 2202 910 2277; x_wconf 83' lang='lat' dir='ltr'><strong>nequibat,</strong></span> <span class='ocrx_word' id='word_1_149' title='bbox 924 2201 967 2261; x_wconf 87' lang='grc' dir='ltr'><strong>Μ.</strong></span> <span class='ocrx_word' id='word_1_150' title='bbox 983 2202 1101 2262; x_wconf 85' lang='lat' dir='ltr'><strong>Petreio</strong></span> <span class='ocrx_word' id='word_1_151' title='bbox 1114 2203 1210 2279; x_wconf 81' lang='lat' dir='ltr'><strong>legato</strong></span> <span class='ocrx_word' id='word_1_152' title='bbox 1224 2222 1309 2263; x_wconf 83' lang='lat' dir='ltr'><strong>exer·</strong></span> 
     </span>
     <span class='ocr_line' id='line_1_20' title="bbox 320 2294 1311 2377; baseline -0.002 -16"><span class='ocrx_word' id='word_1_153' title='bbox 320 2302 411 2361; x_wconf 90' lang='lat' dir='ltr'><strong>citum</strong></span> <span class='ocrx_word' id='word_1_154' title='bbox 424 2300 572 2377; x_wconf 84' lang='lat' dir='ltr'><strong>permittit.</strong></span> <span class='ocrx_word' id='word_1_155' title='bbox 612 2298 668 2357; x_wconf 87' lang='lat' dir='ltr'><strong>Illa</strong></span> <span class='ocrx_word' id='word_1_156' title='bbox 680 2299 812 2357; x_wconf 82' lang='lat' dir='ltr'><strong>cobortes</strong></span> <span class='ocrx_word' id='word_1_157' title='bbox 821 2308 979 2371; x_wconf 83' lang='lat' dir='ltr'><strong>veteranas,</strong></span> <span class='ocrx_word' id='word_1_158' title='bbox 989 2318 1061 2374; x_wconf 86' lang='lat' dir='ltr'><strong>quas</strong></span> <span class='ocrx_word' id='word_1_159' title='bbox 1072 2294 1200 2357; x_wconf 55' lang='lat' dir='ltr'><strong>tumulti*</strong></span> <span class='ocrx_word' id='word_1_160' title='bbox 1209 2318 1311 2359; x_wconf 84' lang='lat' dir='ltr'><strong>caussa</strong></span> 
     </span>
     <span class='ocr_line' id='line_1_21' title="bbox 280 2393 1311 2473; baseline -0.008 -12"><span class='ocrx_word' id='word_1_161' title='bbox 280 2397 538 2473; x_wconf 70' lang='lat' dir='ltr'><strong>ttoomcripserat,</strong></span> <span class='ocrx_word' id='word_1_162' title='bbox 557 2396 587 2453; x_wconf 89' lang='lat' dir='ltr'><strong>in</strong></span> <span class='ocrx_word' id='word_1_163' title='bbox 607 2393 709 2465; x_wconf 68' lang='lat' dir='ltr'><strong>boum,</strong></span> <span class='ocrx_word' id='word_1_164' title='bbox 728 2402 793 2469; x_wconf 90' lang='lat' dir='ltr'><strong>post</strong></span> <span class='ocrx_word' id='word_1_165' title='bbox 816 2412 865 2453; x_wconf 89' lang='lat' dir='ltr'><strong>eas</strong></span> <span class='ocrx_word' id='word_1_166' title='bbox 887 2402 1014 2453; x_wconf 86' lang='lat' dir='ltr'><strong>ceteram</strong></span> <span class='ocrx_word' id='word_1_167' title='bbox 1028 2394 1188 2453; x_wconf 65' lang='lat' dir='ltr'><strong>uerutum</strong></span> <span class='ocrx_word' id='word_1_168' title='bbox 1201 2394 1232 2453; x_wconf 94' lang='lat' dir='ltr'><strong>in</strong></span> <span class='ocrx_word' id='word_1_169' title='bbox 1246 2396 1311 2453; x_wconf 84' lang='lat' dir='ltr'><strong>aab·</strong></span> 
     </span>
     <span class='ocr_line' id='line_1_22' title="bbox 319 2489 1309 2567; baseline -0.004 -12"><span class='ocrx_word' id='word_1_170' title='bbox 319 2494 401 2555; x_wconf 89' lang='lat' dir='ltr'><strong>sidiis</strong></span> <span class='ocrx_word' id='word_1_171' title='bbox 420 2493 510 2551; x_wconf 84' lang='lat' dir='ltr'><strong>locat:</strong></span> <span class='ocrx_word' id='word_1_172' title='bbox 538 2492 602 2567; x_wconf 85' lang='lat' dir='ltr'><strong>ipse</strong></span> <span class='ocrx_word' id='word_1_173' title='bbox 621 2508 696 2564; x_wconf 86' lang='lat' dir='ltr'><strong>equo</strong></span> <span class='ocrx_word' id='word_1_174' title='bbox 715 2489 886 2549; x_wconf 87' lang='lat' dir='ltr'><strong>circumiens</strong></span> <span class='ocrx_word' id='word_1_175' title='bbox 906 2508 1136 2566; x_wconf 84' lang='lat' dir='ltr'><strong>unumquemque</strong></span> <span class='ocrx_word' id='word_1_176' title='bbox 1158 2492 1309 2551; x_wconf 75' lang='lat' dir='ltr'><strong>domimus</strong></span> 
     </span>
     <span class='ocr_line' id='line_1_23' title="bbox 319 2585 1310 2665; baseline -0.002 -16"><span class='ocrx_word' id='word_1_177' title='bbox 319 2589 456 2665; x_wconf 83' lang='lat' dir='ltr'><strong>appellat,</strong></span> <span class='ocrx_word' id='word_1_178' title='bbox 463 2588 603 2656; x_wconf 85' lang='lat' dir='ltr'><strong>bortatur,</strong></span> <span class='ocrx_word' id='word_1_179' title='bbox 613 2594 705 2661; x_wconf 77' lang='lat' dir='ltr'><strong>rogat,</strong></span> <span class='ocrx_word' id='word_1_180' title='bbox 716 2593 748 2642; x_wconf 90' lang='lat' dir='ltr'><strong>ut</strong></span> <span class='ocrx_word' id='word_1_181' title='bbox 757 2585 941 2644; x_wconf 83' lang='lat' dir='ltr'><strong>meminerint</strong></span> <span class='ocrx_word' id='word_1_182' title='bbox 949 2604 980 2645; x_wconf 87' lang='lat' dir='ltr'><strong>se</strong></span> <span class='ocrx_word' id='word_1_183' title='bbox 991 2596 1090 2645; x_wconf 78' lang='lat' dir='ltr'><strong>souma</strong></span> <span class='ocrx_word' id='word_1_184' title='bbox 1099 2586 1225 2645; x_wconf 85' lang='lat' dir='ltr'><strong>latrones</strong></span> <span class='ocrx_word' id='word_1_185' title='bbox 1236 2588 1310 2647; x_wconf 82' lang='lat' dir='ltr'><strong>iner-</strong></span> 
     </span>
     <span class='ocr_line' id='line_1_24' title="bbox 319 2680 1309 2762; baseline -0.002 -19"><span class='ocrx_word' id='word_1_186' title='bbox 319 2704 382 2745; x_wconf 86' lang='lat' dir='ltr'><strong>mes</strong></span> <span class='ocrx_word' id='word_1_187' title='bbox 401 2704 455 2762; x_wconf 84' lang='lat' dir='ltr'><strong>pro</strong></span> <span class='ocrx_word' id='word_1_188' title='bbox 474 2684 577 2761; x_wconf 88' lang='lat' dir='ltr'><strong>patria,</strong></span> <span class='ocrx_word' id='word_1_189' title='bbox 596 2700 649 2758; x_wconf 81' lang='lat' dir='ltr'><strong>pm</strong></span> <span class='ocrx_word' id='word_1_190' title='bbox 668 2680 775 2752; x_wconf 90' lang='lat' dir='ltr'><strong>liberis,</strong></span> <span class='ocrx_word' id='word_1_191' title='bbox 789 2699 841 2757; x_wconf 89' lang='lat' dir='ltr'><strong>pro</strong></span> <span class='ocrx_word' id='word_1_192' title='bbox 861 2682 919 2739; x_wconf 86' lang='lat' dir='ltr'><strong>aris</strong></span> <span class='ocrx_word' id='word_1_193' title='bbox 933 2692 1020 2757; x_wconf 84' lang='lat' dir='ltr'><strong>atque</strong></span> <span class='ocrx_word' id='word_1_194' title='bbox 1033 2682 1102 2741; x_wconf 84' lang='lat' dir='ltr'><strong>iocis</strong></span> <span class='ocrx_word' id='word_1_195' title='bbox 1115 2683 1174 2741; x_wconf 88' lang='lat' dir='ltr'><strong>suis</strong></span> <span class='ocrx_word' id='word_1_196' title='bbox 1189 2694 1309 2743; x_wconf 69' lang='lat' dir='ltr'><strong>oerum.</strong></span> 
     </span>
    </p>
   </div>
   <div class='ocr_carea' id='block_1_7' title="bbox 217 2773 1424 2855">
    <p class='ocr_par' dir='ltr' id='par_1_7' title="bbox 217 2773 1424 2855">
     <span class='ocr_line' id='line_1_25' title="bbox 217 2773 1424 2855; baseline 0 -16"><span class='ocrx_word' id='word_1_197' title='bbox 217 2773 219 2780; x_wconf 75' lang='grc'><strong>’</strong></span> <span class='ocrx_word' id='word_1_198' title='bbox 318 2777 428 2839; x_wconf 75' lang='lat' dir='ltr'><strong>’Homo</strong></span> <span class='ocrx_word' id='word_1_199' title='bbox 447 2780 588 2849; x_wconf 88' lang='lat' dir='ltr'><strong>militaris,</strong></span> <span class='ocrx_word' id='word_1_200' title='bbox 601 2777 679 2854; x_wconf 88' lang='lat' dir='ltr'><strong>quod</strong></span> <span class='ocrx_word' id='word_1_201' title='bbox 698 2776 824 2853; x_wconf 84' lang='lat' dir='ltr'><strong>amplius</strong></span> <span class='ocrx_word' id='word_1_202' title='bbox 844 2783 945 2837; x_wconf 77' lang='lat' dir='ltr'><strong>annos⁰</strong></span> <span class='ocrx_word' id='word_1_203' title='bbox 966 2778 1083 2855; x_wconf 81' lang='lat' dir='ltr'><strong>triginta</strong></span> <span class='ocrx_word' id='word_1_204' title='bbox 1103 2778 1246 2851; x_wconf 87' lang='lat' dir='ltr'><strong>tribunus,</strong></span> <span class='ocrx_word' id='word_1_205' title='bbox 1259 2788 1309 2839; x_wconf 82' lang='lat' dir='ltr'><strong>aut</strong></span> <span class='ocrx_word' id='word_1_206' title='bbox 1423 2784 1424 2803; x_wconf 67' lang='lat'>¹</span> 
     </span>
    </p>
   </div>
   <div class='ocr_carea' id='block_1_8' title="bbox 277 2874 1308 3711">
    <p class='ocr_par' dir='ltr' id='par_1_8' title="bbox 277 2874 1308 3711">
     <span class='ocr_line' id='line_1_26' title="bbox 279 2874 1308 2954; baseline -0.004 -15"><span class='ocrx_word' id='word_1_207' title='bbox 279 2876 490 2954; x_wconf 77' lang='lat' dir='ltr'><strong>ttpraescctus,</strong></span> <span class='ocrx_word' id='word_1_208' title='bbox 503 2884 555 2933; x_wconf 86' lang='lat' dir='ltr'><strong>aut</strong></span> <span class='ocrx_word' id='word_1_209' title='bbox 573 2875 695 2951; x_wconf 74' lang='lat' dir='ltr'><strong>legatus,</strong></span> <span class='ocrx_word' id='word_1_210' title='bbox 708 2880 759 2932; x_wconf 93' lang='lat' dir='ltr'><strong>aut</strong></span> <span class='ocrx_word' id='word_1_211' title='bbox 772 2882 888 2949; x_wconf 85' lang='lat' dir='ltr'><strong>praetor</strong></span> <span class='ocrx_word' id='word_1_212' title='bbox 902 2892 967 2933; x_wconf 90' lang='lat' dir='ltr'><strong>cum</strong></span> <span class='ocrx_word' id='word_1_213' title='bbox 980 2892 1086 2949; x_wconf 79' lang='lat' dir='ltr'><strong>magna</strong></span> <span class='ocrx_word' id='word_1_214' title='bbox 1105 2874 1199 2949; x_wconf 82' lang='lat' dir='ltr'><strong>gloria</strong></span> <span class='ocrx_word' id='word_1_215' title='bbox 1213 2875 1243 2933; x_wconf 92' lang='lat' dir='ltr'><strong>in</strong></span> <span class='ocrx_word' id='word_1_216' title='bbox 1258 2894 1308 2935; x_wconf 86' lang='lat' dir='ltr'><strong>ex·</strong></span> 
     </span>
     <span class='ocr_line' id='line_1_27' title="bbox 319 2964 1307 3059; baseline -0.004 -26"><span class='ocrx_word' id='word_1_217' title='bbox 319 2972 410 3033; x_wconf 87' lang='lat' dir='ltr'><strong>ercitu</strong></span> <span class='ocrx_word' id='word_1_218' title='bbox 423 2970 526 3042; x_wconf 56' lang='lat' dir='ltr'><strong>fueras</strong></span> <span class='ocrx_word' id='word_1_219' title='bbox 538 2970 692 3047; x_wconf 86' lang='lat' dir='ltr'><strong>plerosque</strong></span> <span class='ocrx_word' id='word_1_220' title='bbox 704 2964 802 3045; x_wconf 74' lang='lat' dir='ltr'><strong>¹‘ipsos</strong></span> <span class='ocrx_word' id='word_1_221' title='bbox 816 2967 947 3043; x_wconf 85' lang='lat' dir='ltr'><strong>iactaque</strong></span> <span class='ocrx_word' id='word_1_222' title='bbox 960 2986 1060 3059; x_wconf 71' lang='lat' dir='ltr'><strong>eorum</strong></span> <span class='ocrx_word' id='word_1_223' title='bbox 1073 2967 1157 3027; x_wconf 83' lang='lat' dir='ltr'><strong>fortia</strong></span> <span class='ocrx_word' id='word_1_224' title='bbox 1170 2980 1307 3029; x_wconf 80' lang='lat' dir='ltr'><strong>noverat:</strong></span> 
     </span>
     <span class='ocr_line' id='line_1_28' title="bbox 318 3064 1070 3129; baseline -0.009 1"><span class='ocrx_word' id='word_1_225' title='bbox 318 3088 355 3129; x_wconf 83' lang='lat' dir='ltr'><strong>ca</strong></span> <span class='ocrx_word' id='word_1_226' title='bbox 366 3066 614 3129; x_wconf 83' lang='lat' dir='ltr'><strong>commemorando</strong></span> <span class='ocrx_word' id='word_1_227' title='bbox 626 3066 751 3124; x_wconf 74' lang='lat' dir='ltr'><strong>militnm</strong></span> <span class='ocrx_word' id='word_1_228' title='bbox 764 3064 875 3125; x_wconf 89' lang='lat' dir='ltr'><strong>animos</strong></span> <span class='ocrx_word' id='word_1_229' title='bbox 888 3064 1070 3123; x_wconf 85' lang='lat' dir='ltr'><strong>accendebat</strong></span> 
     </span>
     <span class='ocr_line' id='line_1_29' title="bbox 358 3160 1306 3238; baseline -0.003 -14"><span class='ocrx_word' id='word_1_230' title='bbox 358 3164 427 3224; x_wconf 84' lang='lat' dir='ltr'><strong>LX.</strong></span> <span class='ocrx_word' id='word_1_231' title='bbox 469 3162 528 3224; x_wconf 84' lang='lat' dir='ltr'><strong>Sed</strong></span> <span class='ocrx_word' id='word_1_232' title='bbox 542 3163 599 3234; x_wconf 83' lang='lat' dir='ltr'><strong>ubi,</strong></span> <span class='ocrx_word' id='word_1_233' title='bbox 611 3162 745 3221; x_wconf 82' lang='lat' dir='ltr'><strong>omnibus</strong></span> <span class='ocrx_word' id='word_1_234' title='bbox 762 3160 929 3237; x_wconf 84' lang='lat' dir='ltr'><strong>exploratis,</strong></span> <span class='ocrx_word' id='word_1_235' title='bbox 950 3160 1086 3220; x_wconf 84' lang='lat' dir='ltr'><strong>Petreius</strong></span> <span class='ocrx_word' id='word_1_236' title='bbox 1104 3162 1174 3220; x_wconf 89' lang='lat' dir='ltr'><strong>tuba</strong></span> <span class='ocrx_word' id='word_1_237' title='bbox 1193 3162 1306 3238; x_wconf 85' lang='lat' dir='ltr'><strong>signum</strong></span> 
     </span>
     <span class='ocr_line' id='line_1_30' title="bbox 317 3256 1305 3337; baseline -0.004 -16"><span class='ocrx_word' id='word_1_238' title='bbox 317 3262 375 3334; x_wconf 88' lang='lat' dir='ltr'><strong>dat,</strong></span> <span class='ocrx_word' id='word_1_239' title='bbox 398 3262 528 3321; x_wconf 83' lang='lat' dir='ltr'><strong>cobortes</strong></span> <span class='ocrx_word' id='word_1_240' title='bbox 550 3259 701 3337; x_wconf 86' lang='lat' dir='ltr'><strong>paullatim</strong></span> <span class='ocrx_word' id='word_1_241' title='bbox 722 3258 856 3317; x_wconf 84' lang='lat' dir='ltr'><strong>incedere</strong></span> <span class='ocrx_word' id='word_1_242' title='bbox 874 3256 1072 3333; x_wconf 63' lang='lat' dir='ltr'><strong>juben-idem</strong></span> <span class='ocrx_word' id='word_1_243' title='bbox 1093 3256 1162 3317; x_wconf 82' lang='lat' dir='ltr'><strong>facit</strong></span> <span class='ocrx_word' id='word_1_244' title='bbox 1182 3258 1305 3317; x_wconf 86' lang='lat' dir='ltr'><strong>hostium</strong></span> 
     </span>
     <span class='ocr_line' id='line_1_31' title="bbox 277 3351 1305 3431; baseline -0.006 -12"><span class='ocrx_word' id='word_1_245' title='bbox 277 3357 470 3420; x_wconf 74' lang='lat' dir='ltr'><strong>atexerciurs.</strong></span> <span class='ocrx_word' id='word_1_246' title='bbox 512 3353 672 3429; x_wconf 87' lang='lat' dir='ltr'><strong>Postquam</strong></span> <span class='ocrx_word' id='word_1_247' title='bbox 684 3372 719 3412; x_wconf 88' lang='lat' dir='ltr'><strong>eo</strong></span> <span class='ocrx_word' id='word_1_248' title='bbox 733 3362 852 3411; x_wconf 85' lang='lat' dir='ltr'><strong>ventum</strong></span> <span class='ocrx_word' id='word_1_249' title='bbox 865 3362 918 3425; x_wconf 85' lang='lat' dir='ltr'><strong>est,</strong></span> <span class='ocrx_word' id='word_1_250' title='bbox 927 3352 1004 3411; x_wconf 91' lang='lat' dir='ltr'><strong>unde</strong></span> <span class='ocrx_word' id='word_1_251' title='bbox 1017 3351 1209 3411; x_wconf 83' lang='lat' dir='ltr'><strong>aserentsuiis</strong></span> <span class='ocrx_word' id='word_1_252' title='bbox 1224 3372 1305 3431; x_wconf 83' lang='lat' dir='ltr'><strong>prae·</strong></span> 
     </span>
     <span class='ocr_line' id='line_1_32' title="bbox 316 3448 1305 3527; baseline -0.008 -13"><span class='ocrx_word' id='word_1_253' title='bbox 316 3455 388 3513; x_wconf 91' lang='lat' dir='ltr'><strong>lium</strong></span> <span class='ocrx_word' id='word_1_254' title='bbox 408 3452 545 3514; x_wconf 88' lang='lat' dir='ltr'><strong>committi</strong></span> <span class='ocrx_word' id='word_1_255' title='bbox 569 3459 673 3527; x_wconf 87' lang='lat' dir='ltr'><strong>posset,</strong></span> <span class='ocrx_word' id='word_1_256' title='bbox 695 3468 833 3507; x_wconf 85' lang='lat' dir='ltr'><strong>maxumo</strong></span> <span class='ocrx_word' id='word_1_257' title='bbox 855 3449 980 3509; x_wconf 82' lang='lat' dir='ltr'><strong>clamore</strong></span> <span class='ocrx_word' id='word_1_258' title='bbox 1004 3467 1070 3507; x_wconf 87' lang='lat' dir='ltr'><strong>cum</strong></span> <span class='ocrx_word' id='word_1_259' title='bbox 1092 3448 1203 3507; x_wconf 82' lang='lat' dir='ltr'><strong>infestis</strong></span> <span class='ocrx_word' id='word_1_260' title='bbox 1216 3451 1305 3527; x_wconf 79' lang='lat' dir='ltr'><strong>siguis</strong></span> 
     </span>
     <span class='ocr_line' id='line_1_33' title="bbox 316 3545 1305 3624; baseline -0.007 -12"><span class='ocrx_word' id='word_1_261' title='bbox 316 3558 496 3621; x_wconf 84' lang='lat' dir='ltr'><strong>concurrunt,</strong></span> <span class='ocrx_word' id='word_1_262' title='bbox 508 3548 568 3624; x_wconf 84' lang='lat' dir='ltr'><strong>pila</strong></span> <span class='ocrx_word' id='word_1_263' title='bbox 579 3547 722 3617; x_wconf 84' lang='lat' dir='ltr'><strong>omittunt,</strong></span> <span class='ocrx_word' id='word_1_264' title='bbox 736 3546 838 3623; x_wconf 84' lang='lat' dir='ltr'><strong>gladiis</strong></span> <span class='ocrx_word' id='word_1_265' title='bbox 851 3564 898 3605; x_wconf 86' lang='lat' dir='ltr'><strong>res</strong></span> <span class='ocrx_word' id='word_1_266' title='bbox 912 3546 1029 3622; x_wconf 84' lang='lat' dir='ltr'><strong>geritur.</strong></span> <span class='ocrx_word' id='word_1_267' title='bbox 1071 3545 1220 3618; x_wconf 82' lang='lat' dir='ltr'><strong>Veterani,</strong></span> <span class='ocrx_word' id='word_1_268' title='bbox 1234 3548 1305 3623; x_wconf 85' lang='lat' dir='ltr'><strong>pris·</strong></span> 
     </span>
     <span class='ocr_line' id='line_1_34' title="bbox 315 3638 1305 3711; baseline -0.003 -7"><span class='ocrx_word' id='word_1_269' title='bbox 315 3646 393 3704; x_wconf 87' lang='lat' dir='ltr'><strong>tinae</strong></span> <span class='ocrx_word' id='word_1_270' title='bbox 417 3644 530 3703; x_wconf 87' lang='lat' dir='ltr'><strong>virtutis</strong></span> <span class='ocrx_word' id='word_1_271' title='bbox 553 3659 703 3711; x_wconf 87' lang='lat' dir='ltr'><strong>memores,</strong></span> <span class='ocrx_word' id='word_1_272' title='bbox 727 3640 855 3698; x_wconf 85' lang='lat' dir='ltr'><strong>cominus</strong></span> <span class='ocrx_word' id='word_1_273' title='bbox 876 3641 981 3699; x_wconf 87' lang='lat' dir='ltr'><strong>acriter</strong></span> <span class='ocrx_word' id='word_1_274' title='bbox 1001 3642 1126 3699; x_wconf 79' lang='lat' dir='ltr'><strong>instare:</strong></span> <span class='ocrx_word' id='word_1_275' title='bbox 1147 3638 1200 3699; x_wconf 87' lang='lat' dir='ltr'><strong>¹illi</strong></span> <span class='ocrx_word' id='word_1_276' title='bbox 1228 3642 1305 3701; x_wconf 86' lang='lat' dir='ltr'><strong>haud</strong></span> 
     </span>
    </p>
   </div>
   <div class='ocr_carea' id='block_1_9' title="bbox 275 3856 1301 4086">
    <p class='ocr_par' dir='ltr' id='par_1_9' title="bbox 275 3856 1301 4086">
     <span class='ocr_line' id='line_1_35' title="bbox 307 3856 1301 3921; baseline 0.001 -11"><span class='ocrx_word' id='word_1_277' title='bbox 307 3860 468 3915; x_wconf 52' lang='grc' dir='ltr'><strong>ΚΛΗ.</strong></span> <span class='ocrx_word' id='word_1_278' title='bbox 501 3856 1021 3921; x_wconf 65' lang='lat' dir='ltr'><strong>·sr,4.-·ss‚u.-·sr,ast-¹2³,</strong></span> <span class='ocrx_word' id='word_1_279' title='bbox 1038 3861 1070 3911; x_wconf 76' lang='lat' dir='ltr'><strong>a.</strong></span> <span class='ocrx_word' id='word_1_280' title='bbox 1085 3862 1301 3919; x_wconf 75' lang='lat' dir='ltr'><strong>1.-·1rs.1ts.</strong></span> 
     </span>
     <span class='ocr_line' id='line_1_36' title="bbox 275 3936 1300 4086; baseline 0.005 -97"><span class='ocrx_word' id='word_1_281' title='bbox 275 3938 552 4086; x_wconf 32' lang='lat' dir='ltr'><strong>daza-ma</strong></span> <span class='ocrx_word' id='word_1_282' title='bbox 583 3940 656 3999; x_wconf 59' lang='lat' dir='ltr'><strong>aar,</strong></span> <span class='ocrx_word' id='word_1_283' title='bbox 669 3941 691 3997; x_wconf 87' lang='lat'><strong>1,</strong></span> <span class='ocrx_word' id='word_1_284' title='bbox 711 3936 1300 4004; x_wconf 69' lang='lat' dir='ltr'><strong>(1).-⁵20⁴.-·aso,1.·—⁶sa,a-·ast,</strong></span> 
     </span>
    </p>
   </div>
   <div class='ocr_carea' id='block_1_10' title="bbox 0 0 1489 4692">
    <p class='ocr_par' dir='ltr' id='par_1_10' title="bbox 0 0 1489 4692">
     <span class='ocr_line' id='line_1_37' title="bbox 0 0 1489 4692; baseline 0 0"><span class='ocrx_word' id='word_1_285' title='bbox 0 0 1489 4692; x_wconf 95' lang='lat' dir='ltr'><strong> </strong></span> 
     </span>
    </p>
   </div>
  </div>
 </body>
</html>
