2934 4692
620 434 785 482 clauom.

451 673 747 737 ›EPISTOLA
785 673 936 735 XXV!

421 834 486 900 (Sor.
497 835 594 887 Romae
603 850 688 887 meuse
697 834 768 886 Maio
778 834 813 885 Δ.
825 834 858 887 U.
872 832 901 887 Ο.
913 833 981 899 706.)

381 963 462 1015 A.U.
477 962 572 1015 070⁶.
606 963 672 1013 Anto
681 961 806 1015 Mitt.
837 961 1024 1017 doniciobt.

236 1092 306 1147 ceu
318 1092 348 1147 (i.
362 1094 469 1149 Juurut
485 1092 598 1147 cautu
614 1092 660 1154 11..
677 1092 707 1143 Ρ.
727 1090 880 1143 Summus
898 1091 991 1144 veru
1006 1093 1167 1147 Isaumcus

217 1236 311 1289 camur
324 1238 386 1303 prid
401 1236 468 1288 Non.
479 1236 539 1287 Jau.
573 1234 709 1285 Brundisio
726 1235 753 1283 in
767 1234 875 1298 Epirum
886 1234 982 1299 trajicit,
992 1234 1141 1300 Pompeium
1151 1236 1217 1302 Dyr·

182 1316 278 1367 rbacbii
288 1317 391 1379 obsidat,
403 1312 454 1383 qui¹
461 1317 519 1367 inde
530 1314 630 1382 elapsus
643 1314 737 1363 bellum
747 1314 774 1362 iu
786 1312 943 1363 Thessaliam
954 1315 1084 1377 transtulit,
1095 1316 1138 1365 ubi
1149 1330 1217 1381 pras·

183 1396 218 1448 iio
237 1398 270 1447 ed
289 1397 437 1449 Pharsalum
455 1398 518 1463 prid.
536 1397 595 1447 Kal.
610 1394 667 1447 Oct.
679 1410 696 1443 a
707 1393 814 1445 &osam
825 1394 904 1444 rietus
916 1394 942 1442 in
953 1393 1099 1461 Aegyptum
1109 1394 1174 1461 fugit
1184 1398 1217 1447 ed

183 1476 358 1529 Ptolemaeum
376 1492 489 1544 puerum,
502 1478 586 1543 ibique
604 1474 759 1527 interficitur·
794 1472 887 1527 caeo
905 1472 997 1525 bellum
1013 1475 1217 1529 Aimndriuuut

183 1566 306 1690 κθῐ(ἕξιππα
316 1638 348 1689 ub
359 1639 434 1689 armis
445 1638 572 1689 dbcedens
583 1636 748 1689 Brundisium
758 1636 834 1685 veuit

457 1816 660 1878 Dossennus
682 1814 844 1878 Oruunoru
863 1814 893 1878 S.
915 1816 954 1876 D.

227 1950 255 2007 1.
275 1944 318 2007 ¹S.
334 1945 372 2005 V.
388 1944 426 2007 G.
440 1945 478 2005 V.
492 1956 522 2007 et
534 1945 634 2007 Tullia
653 1956 752 2007 nostra
771 1944 860 2006 ’recte
873 1945 912 2005 V.
926 1946 1066 2008 Terentia
1084 1947 1180 2009 mium

184 2042 261 2105 belle
272 2044 380 2116 babuit,
391 2044 442 2102 sed
455 2052 565 2102 certum
575 2044 636 2103 scio
645 2042 708 2119 jam
719 2043 899 2103 convaluisse
910 2062 985 2103 eam.
1019 2043 1180 2105 Praeterea

185 2140 343 2199 rectissime
357 2146 423 2197 sunt
434 2135 523 2215 ⁸opud
536 2149 565 2197 te
579 2139 684 2197 omnia
725 2138 792 2197 Etsi
804 2139 885 2197 nulio
898 2149 1027 2218 tempore
1036 2138 1079 2199 ‘iu
1089 2142 1181 2218 suspi-

186 2234 298 2296 cionem
311 2236 364 2294 tibi
377 2236 464 2295 debui
478 2236 585 2307 venire,
599 2235 724 2313 partium
738 2254 825 2294 causa
839 2236 943 2312 potius,
957 2256 1044 2313 quam
1058 2246 1117 2309 tun
1127 2238 1180 2297 tibi

186 2332 317 2403 suadere,
332 2340 363 2390 ut
377 2340 406 2389 te
416 2343 466 2389 aut
479 2349 545 2390 cum
560 2328 685 2391 Caesare
699 2331 904 2407 nobiscumque
919 2332 1116 2411 conjungeres,
1129 2345 1180 2393 aut
1204 2347 1220 2395 b

186 2438 264 2489 uerte
278 2429 308 2485 in
321 2428 411 2487 otium
421 2426 553 2497 referres,
563 2428 718 2504 praecipue
730 2446 814 2499 nunc,
825 2427 888 2503 jam
901 2429 1039 2489 inclinatu
1052 2432 1180 2504 victoria,

187 2544 224 2585 ue
244 2542 360 2601 possum
374 2525 490 2600 quidem
503 2524 533 2583 in
547 2523 636 2581 ullum
650 2524 738 2583 aliam
752 2525 881 2585 incidere
895 2528 1067 2603 opinionem,
1079 2530 1136 2589 uisi
1149 2532 1181 2589 in

187 2640 261 2695 eum,
274 2621 305 2678 in
325 2639 383 2696 qua
402 2620 510 2679 scilicet
530 2620 580 2678 tibi
602 2621 722 2680 suadere
736 2623 845 2697 videar,
859 2628 936 2703 quod
952 2629 1001 2705 pie
1015 2640 1109 2691 tacere
1122 2650 1179 2691 nou

186 2736 311 2795 mum.
353 2717 400 2774 Tu
412 2726 518 2787 autem,
531 2716 572 2775 mi
588 2714 697 2789 Cicero,
707 2718 749 2777 uic
761 2718 835 2781 haec
848 2724 980 2800 accipies,
990 2735 1030 2795 ut,
1040 2727 1102 2786 sire
1116 2746 1182 2804 pro-

187 2812 332 2872 babuntur
344 2812 395 2871 tibi
409 2812 472 2871 sive
485 2830 543 2871 nou
557 2812 761 2889 probabuntur,
771 2818 810 2875 ab
822 2820 932 2896 optimo
945 2830 1024 2882 uerte
1036 2824 1133 2883 animo
1145 2842 1180 2882 uc
1190 2834 1220 2883 lu

187 2907 363 2968 deditissimo
385 2908 438 2968 tibi
462 2916 492 2967 et
514 2908 639 2983 cogitata
651 2918 681 2969 et
694 2911 803 2988 mupu
816 2932 880 2975 esse
896 2915 1019 2993 judices.
1060 2921 1088 2979 2.
1108 2920 1181 2979 Ani-

187 3004 343 3063 madvertis
359 3002 411 3063 Cn.
426 3002 599 3080 Pompeium
620 3024 674 3063 nec
686 3004 822 3069 ⁶nominis
836 3012 890 3083 sui,
904 3033 958 3073 nac
970 3034 1067 3075 rerum
1088 3026 1182 3094 goeta-

187 3120 254 3161 rum
272 3101 372 3179 glorie,
392 3118 487 3177 neque
501 3101 588 3161 etiam
608 3122 710 3183 regum
730 3128 766 3167 ac
786 3111 934 3171 nationum
947 3113 1095 3187 clientelis,
1108 3134 1182 3191 quas

187 3206 331 3257 ostentare
344 3198 445 3257 crebro
459 3197 577 3271 solebat,
587 3218 650 3261 csse
664 3212 806 3275 intumet
819 3207 874 3267 hoo
887 3209 982 3280 etism,
993 3210 1070 3286 quod
1083 3212 1182 3270 infimo

187 3294 291 3369 cuique
305 3293 431 3369 contigit,
444 3293 558 3355 illinon
579 3316 663 3374 possa
678 3302 852 3378 contingere,
865 3312 898 3363 ut
917 3305 1035 3365 honeste
1053 3306 1181 3383 effugere
1191 3321 1221 3367 to

187 3392 284 3469 possit,
294 3391 378 3467 puiso
388 3391 483 3463 Italia,
494 3395 608 3455 amissis
621 3396 780 3475 Hispaniis,
789 3396 885 3477 ‘capto
895 3404 1026 3462 exercitu
1036 3414 1182 3469 veterano.

186 3482 413 3546 'circumvallato
433 3508 511 3548 nunc
530 3491 656 3568 denique
667 3515 676 3561 ;
696 3494 774 3569 quod
794 3497 891 3556 nescio
904 3516 941 3556 an
961 3499 1033 3556 nulli
1054 3518 1182 3575 uuquam

186 3596 285 3643 uosuo
304 3584 444 3643 acciderit
463 3586 638 3665 imperatori.
681 3588 887 3665 Quamobrem,
899 3594 969 3669 quid
988 3604 1039 3652 aut
1056 3594 1106 3654 iiie
1119 3614 1184 3671 spe-

186 3700 254 3741 rare
274 3680 364 3757 possit
383 3691 436 3741 aut
454 3692 495 3753 tu,
509 3686 636 3743 animum
656 3685 777 3746 adverte
795 3684 860 3765 'pro
880 3700 931 3748 tua
950 3691 1122 3766 prudentia3
1141 3692 1184 3751 sic

188 3778 266 3837 euim
279 3775 416 3837 facillime
426 3779 504 3854 quod
518 3780 568 3839 tibi
582 3782 764 3841 utilissimum
776 3785 951 3882 eritlponsilii
961 3788 1065 3862 capies.
1105 3786 1224 3847 medae

188 3882 287 3933 autem
307 3882 336 3933 te
357 3884 455 3951 peto„
513 3876 538 3935 si
554 3874 618 3951 jam
638 3878 687 3937 ille
701 3880 856 3939 evitaverit
868 3881 922 3947 boe
934 3882 1095 3964 periculum
1108 3891 1183 3942 etse
