2934 4692
600 448 763 494 camma.
1135 430 1191 492 1⁷7

158 614 230 675 Non
247 611 325 671 rotis
348 628 444 687 neque
465 611 612 688 suppliciis
633 610 820 669 muliebribus
840 610 951 669 auxilia
970 609 1088 668 deorum
1102 628 1153 685 pa-

158 720 275 771 rantur:
295 707 452 785 vigilando,
472 708 592 783 agendo,
611 708 686 765 bene
705 706 878 766 consulendo
898 706 995 764 omnis
1014 722 1153 782 prospera

158 808 282 868 eadum:
302 805 355 863 ubi
374 803 521 862 socordiae
541 813 571 861 te
591 812 678 878 atque
697 803 831 879 ignaviae
849 802 1022 873 accidens:
1036 803 1153 877 nequic-

156 922 247 980 quam
264 902 335 961 decu
355 895 522 975 imploret:
542 899 609 957 irati
629 898 782 973 infestique
803 907 877 957 suut
917 897 1007 974 Apud
1028 897 1151 973 mperes

155 1010 273 1059 nostrus
292 998 330 1057 Τ.
350 995 480 1054 Manlius
501 993 666 1069 Torquatus
688 990 784 1053 ⁸⁸belle
807 992 920 1053 Gallico
941 994 1031 1052 lilium
1054 1012 1148 1067 suum,
1175 1008 1191 1055 s

158 1097 240 1172 quod
253 1098 280 1154 is
292 1104 389 1154 souma
401 1092 555 1170 imperium
568 1092 599 1147 in
613 1091 726 1149 bostem
743 1100 929 1167 pugnaverat,
943 1092 1040 1149 necari
1056 1089 1152 1166 jussit,

158 1203 253 1268 atque
266 1192 314 1250 ille
325 1192 457 1268 egregius
471 1188 639 1247 adolescens
652 1187 859 1245 immoderatae
872 1185 1045 1245 fortitudinis
1059 1200 1151 1249 morte

157 1306 271 1364 poenas
290 1287 384 1345 dedit:
405 1306 456 1345 vos
477 1286 513 1345 dc
533 1282 748 1342 crudelissumis
768 1282 917 1359 parricidis
930 1282 1000 1357 quid
1019 1283 1151 1342 statuatis

157 1382 353 1443 emetamini?
391 1380 558 1442 ³'Videlicet
570 1392 668 1441 cetera
679 1381 739 1438 vita
749 1398 848 1438 eorum
858 1378 926 1437 huic
936 1379 1038 1436 sceleri
1049 1380 1150 1438 obstat.

153 1478 292 1539 ‘Verum
305 1481 415 1559 parcite
425 1482 581 1557 dignitati¹¹¹
596 1478 723 1549 Lentuli,
735 1477 759 1534 si
772 1476 833 1552 ipse
847 1475 1009 1551 pudicitiae,
1020 1475 1044 1533 si
1054 1474 1149 1535 famae
1159 1486 1190 1537 1⁰

150 1578 275 1649 scaeui
294 1578 351 1635 diis
371 1586 421 1636 ant
441 1578 603 1636 hominibus
618 1592 745 1650 unquam
760 1572 826 1631 ullis
847 1572 992 1648 pepercit:
1012 1572 1150 1648 ignoscite

153 1670 283 1750 Cethegi
304 1674 522 1744 adolescentiae,
543 1674 598 1731 nisi
620 1673 726 1729 iterum
744 1668 807 1745 jam
828 1667 939 1744 patriae
953 1667 1061 1726 bellum
1074 1666 1150 1727 fecit.

150 1768 237 1827 Nam
247 1770 318 1844 quid
327 1788 382 1845 ego
392 1770 429 1827 de
441 1767 574 1839 Gabinio,
586 1767 709 1839 Statilio,
722 1764 866 1842 Caepario
876 1759 997 1840 loquar?
1025 1760 1150 1839 ⁴1quibus

150 1867 179 1925 si
192 1868 358 1941 quidquam
372 1885 499 1942 uuquam
520 1868 600 1943 pensi
614 1866 723 1937 fuisset,
736 1885 794 1924 non
814 1884 851 1924 ea
864 1865 984 1923 consilia
996 1865 1033 1924 de
1046 1864 1151 1941 repub·

151 1963 213 2021 lioe
234 1963 410 2021 habuissent
452 1962 610 2033 Postremo,
632 1963 737 2020 Patres
752 1952 911 2038 conscripti,
925 1959 971 2020 ⁴'si
985 1962 1150 2021 mehercule
1159 1974 1190 2021 to

152 2070 277 2138 peccato
290 2060 369 2118 locus
382 2069 466 2131 esset,
478 2058 564 2117 facile
577 2070 694 2136 paterer
706 2078 759 2117 vos
772 2060 835 2136 ipsa
848 2078 881 2118 re
892 2059 1004 2135 corrigi,
1014 2059 1150 2134 quoniam

151 2158 249 2215 verba
275 2174 342 2214 mea
366 2157 563 2225 contemnitis;
597 2157 648 2215 sed
674 2158 801 2231 undique
828 2158 1016 2217 circumventi
1043 2176 1150 2216 sumus.

153 2250 287 2313 Catilina
306 2271 374 2312 cum
394 2254 524 2311 exercitu
551 2249 702 2311 ”faucibus
728 2262 828 2329 urget:
858 2254 907 2311 alii
935 2255 1011 2311 intra
1037 2255 1151 2313 moenis

152 2360 246 2425 atque
267 2350 297 2408 in
317 2349 381 2409 sinu
401 2350 480 2407 urbis
500 2359 566 2407 sunt
580 2350 692 2407 hostes:
712 2367 808 2424 neque
822 2350 919 2425 parari
933 2368 1027 2426 neque
1041 2351 1149 2409 consuli

153 2448 314 2522 quicquam
324 2443 571 2521 potest⁴⁴ucculte3
584 2464 642 2520 quo
652 2445 745 2521 magis
755 2446 966 2520 properandum
977 2456 1028 2505 est.
1050 2446 1150 2521 Quare
1158 2458 1191 2507 tt

153 2544 198 2601 ita
209 2561 334 2601 censeo:
353 2562 443 2618 quum
456 2542 568 2600 nefario
581 2541 700 2600 consilio
712 2542 917 2602 sceleratorum
932 2545 1037 2605 civium
1050 2565 1151 2623 respo·

154 2638 236 2697 blica
249 2639 284 2696 'in
301 2656 440 2697 muuma
459 2639 586 2715 pericula
598 2638 719 2706 venerit,
732 2638 810 2713 iique
831 2639 936 2699 indicio
956 2641 991 2699 T.
1007 2642 1151 2701 Volturcii

155 2746 187 2795 et
208 2736 370 2811 legatorum
391 2734 582 2812 Allobrogum
603 2735 727 2793 couvicd
746 2735 926 2812 confessique
945 2740 1010 2809 sint,
1024 2740 1151 2811 caedem,

155 2832 419 2908 incendia‚aliaque
437 2851 470 2890 se
483 2831 569 2889 foeda
580 2841 668 2906 atque
681 2832 811 2891 crudelis
823 2833 951 2893 facinora
964 2836 993 2893 in
1007 2836 1080 2895 civis
1101 2855 1151 2913 pa-

156 2929 303 3004 triamque
324 2930 480 3004 paravisse,
502 2928 539 2985 de
560 2927 695 2987 confessis
717 2929 802 2988 sicuti
816 2932 853 2991 de
866 2933 1024 2992 manifestis
1038 2940 1191 2993 rerum'ss

158 3024 328 3101 capitalium
341 3044 421 3083 more
434 3024 575 3100 majorum
589 3028 760 3103 supplicium
774 3031 970 3089 sumendum.’'

199 3120 288 3177 Llll.
329 3119 486 3197 Postquam
509 3120 582 3181 Cato
601 3125 716 3196 assedit,
729 3127 893 3185 consulares
911 3146 1010 3185 omnes
1023 3128 1151 3203 itemque

157 3226 277 3275 senatus
296 3235 405 3293 magna
423 3236 490 3293 pars
509 3222 680 3279 sententiam
694 3221 757 3297 ejus
772 3223 898 3293 laudant,
911 3225 1048 3281 virtutem
1061 3224 1151 3281 animi

158 3312 197 3371 ad
219 3313 330 3371 coelum
350 3313 454 3385 ierunt,
467 3312 528 3374 ¹alii
541 3317 612 3376 alius
625 3319 810 3394 increpantes
824 3319 937 3377 timidos
952 3328 1062 3389 vocant,
1079 3317 1152 3377 Cato

158 3410 256 3468 durus
277 3420 363 3485 atque
383 3428 505 3488 magnus
525 3416 655 3486 babetur,
670 3416 762 3474 senati
783 3416 928 3475 decretum
949 3417 981 3474 tit
999 3416 1081 3474 sicuti
1100 3414 1193 3475 illeso

159 3515 321 3563 censuerat.
362 3504 422 3566 Sed
443 3512 527 3568 mihi·
547 3510 648 3570 'multa
670 3512 786 3587 legenti,
808 3512 900 3571 multa
920 3513 1054 3584 audienti,
1076 3530 1150 3587 quac

159 3602 284 3677 populus
306 3602 455 3665 Romaum
476 3608 554 3667 domi
575 3608 762 3683 militiaeque,
783 3609 856 3666 mari
870 3617 956 3683 atque
971 3618 1047 3665 terra
1069 3626 1152 3684 prae·

160 3696 240 3756 clara
259 3697 388 3760 facinora
400 3701 476 3775 fecit,
488 3702 563 3762 forte
580 3703 674 3761 lubuit
686 3703 844 3775 attendere,
855 3699 942 3779 ⁰quae
955 3722 1001 3761 res
1015 3721 1152 3762 maxume

163 3849 342 3905 -1.-t11.
375 3860 470 3916 ·ss,s.

192 3934 268 3985 mn.
301 3942 358 3996 co,
372 3941 393 3996 1,
405 3938 441 4000 s).

193 4014 426 4072 mssa-1211.
458 4022 531 4067 ¹21³.

194 4094 270 4147 tut
301 4096 454 4158 castas.
