2934 4692
601 406 780 451 fflfl'iom
801 408 982 453 menone.

572 664 842 729 nrls'ronn
880 667 1003 727 m·

596 824 980 892 (eunomianorum

432 956 477 1018 Μ.
499 936 624 1018 Cissim
647 955 678 1017 S.
699 956 740 1015 D.
760 955 798 1015 P.
818 956 976 1017 Laurum
997 957 1141 1019 Paucos

351 1088 378 1147 1.
404 1087 444 1146 A.
471 1082 624 1160 Trebonio,
644 1086 694 1163 qui
714 1086 746 1144 in
765 1094 817 1146 tua
842 1087 992 1164 pruvincia
1011 1106 1117 1166 magua
1136 1088 1258 1165 negotia
1280 1094 1316 1148 et

309 1186 405 1263 ampla
419 1194 448 1243 et
461 1184 599 1261 expedita
611 1184 707 1254 habet,
721 1184 826 1242 multos
840 1202 930 1243 annos
942 1194 1008 1243 utor
1017 1185 1101 1244 valde
1112 1184 1316 1244 familiariter.

280 1350 283 1355 ¹
308 1274 340 1341 Is
360 1300 449 1359 quum
468 1290 555 1341 antea
574 1296 689 1357 semper
703 1289 732 1339 et
745 1298 797 1338 suo
811 1281 963 1357 splendore
977 1290 1006 1340 et
1019 1292 1116 1341 nostra
1128 1293 1316 1341 ceterumm·

308 1396 366 1454 que
388 1378 547 1437 amicorum
574 1376 821 1436 commendatione
848 1378 1069 1454 gratiosissimus
1095 1378 1125 1436 in
1151 1380 1316 1456 provinc'm

283 1470 370 1546 uiuit,
384 1483 445 1531 tum
465 1470 520 1531 hoc
539 1481 668 1549 tempore
688 1482 808 1550 propter
821 1484 903 1531 tuum
917 1474 947 1531 in
959 1492 1007 1533 me
1021 1492 1146 1533 amorem
1160 1482 1315 1533 nostram-

308 1588 366 1647 que
385 1568 625 1628 necessitudinem
645 1568 835 1629 vehementur
855 1571 971 1630 contidit
990 1571 1035 1629 his
1055 1570 1126 1628 meis
1145 1572 1252 1629 litteris
1276 1587 1314 1631 se

307 1664 386 1743 apud
406 1675 435 1724 te
455 1665 613 1743 gratiosum
633 1664 704 1725 fore.
746 1668 774 1725 2.
797 1666 881 1741 Quae
901 1685 939 1727 ne
953 1686 1019 1743 spes
1033 1685 1099 1724 eum
1109 1665 1199 1737 fallat,
1213 1664 1315 1725 vehe-

307 1771 422 1823 menter
434 1782 505 1839 rogo
519 1770 548 1821 te
561 1764 788 1839 commendoque
802 1765 855 1822 tibi
867 1760 929 1840 ejus
939 1765 1036 1823 omnia
1045 1763 1165 1839 negotia,
1172 1762 1315 1837 libertos,

308 1868 517 1937 procuratores,
537 1856 682 1931 familiam,
700 1860 731 1917 in
750 1862 909 1938 primisque
923 1871 962 1933 ut,
976 1879 1051 1936 quae
1064 1857 1110 1918 ιΤ.
1123 1858 1251 1935 Ampius
1270 1860 1317 1919 de

270 1966 301 2017 10
309 1955 372 2032 ejus
382 1976 414 2015 re
424 1956 560 2027 decrevit,
571 1974 607 2014 ea
619 1958 786 2033 comprobes
800 1959 990 2035 omnibusque
1000 1959 1086 2016 rebus
1096 1975 1161 2015 eum
1174 1955 1219 2013 ita
1229 1964 1316 2016 trae-

308 2060 361 2125 iee,
368 2060 401 2111 ut
413 2048 557 2129 intelligat
569 2068 665 2109 meam
678 2053 955 2113 commendationem
968 2072 1026 2111 non
1040 2052 1187 2129 vulgarem
1200 2050 1314 2111 fuisse.

555 2400 827 2463 EPISTOLA
866 2404 1019 2476 XIII.†

595 2560 661 2627 (Ser.
672 2561 769 2611 Romae
779 2562 813 2614 A„
824 2562 857 2613 U.
871 2562 900 2617 C.
912 2564 979 2629 699.)

460 2684 496 2737 Δ,
507 2684 541 2737 U.
555 2683 584 2737 0.
596 2687 652 2735 tta.
685 2683 754 2735 Ante
766 2684 796 2737 C.
808 2685 841 2735 N.
852 2690 893 2735 ot.
924 2686 997 2739 Auni
1007 2686 1061 2741 Cic
1072 2692 1111 2741 5¹.

329 2797 399 2851 Coss
416 2796 465 2849 Cn.
482 2796 630 2847 Portemus
647 2794 770 2847 morus
785 2796 821 2845 11
854 2796 891 2846 m
906 2796 1041 2849 chrnrus
1058 2798 1182 2851 &mus
1198 2800 1236 2851 Π.

300 2940 420 2994 Consules
432 2956 465 2991 ex
475 2942 615 3005 interregno
626 2941 799 3004 magistratum
810 2941 903 2993 ineunt
936 2942 1082 2995 Provinciae
1090 2944 1120 2993 iis
1128 2944 1154 2993 iu
1162 2944 1305 3010 quinqueu-

267 3023 337 3073 nium
347 3022 518 3081 decernuntur,
535 3019 655 3083 Pompeio
673 3018 809 3084 Hispaniae
820 3036 880 3071 enm
895 3021 991 3082 Ainea,
1005 3020 1096 3073 Crasso
1109 3022 1190 3088 syria,
1202 3023 1304 3075 Galliae

268 3102 368 3155 Caesari
383 3103 410 3152 in
420 3101 525 3151 alterurn
536 3101 733 3165 quinquennium
743 3112 913 3166 prorogantur.
946 3102 1081 3167 Pompeius
1091 3105 1232 3168 provincius
1243 3118 1305 3155 suas

266 3186 420 3250 perlegeres
436 3180 570 3232 Afranium
586 3188 611 3229 et
627 3180 751 3231 Petreium
769 3183 936 3233 adminisnun'
949 3184 1029 3247 jubet,
1046 3184 1099 3247 ipse
1114 3184 1142 3233 in
1157 3183 1235 3233 Italia
1249 3200 1303 3233 ms·

266 3274 315 3317 net.
348 3266 385 3317 M.
404 3265 507 3317 emaus
524 3262 557 3311 ad
573 3261 666 3311 beilum
683 3262 783 3313 Partitis
800 3265 955 3315 inferendum
972 3273 1107 3328 antequam
1123 3264 1259 3327 paludatus
1272 3265 1304 3315 in

265 3347 419 3412 provinciam
429 3346 516 3405 exiret,
528 3343 595 3407 apud
608 3341 753 3394 Ciceronem
764 3346 791 3395 in
803 3344 958 3410 Crassipedis
970 3346 1054 3410 generi
1064 3344 1141 3393 hortis
1152 3356 1249 3397 onena&

297 3426 354 3476 Hoc
372 3440 439 3478 auno
457 3423 544 3477 Cicero
561 3422 698 3473 orationem
712 3424 800 3477 habuit
818 3427 845 3477 in
864 3425 981 3487 Pirama
999 3425 1145 3491 scripsitque
1160 3426 1237 3477 libros
1251 3436 1301 3481 trus

526 3652 570 3711 M.
593 3650 717 3713 Crcano
740 3649 771 3713 S.
792 3653 831 3710 D.
851 3650 896 3711 ii
917 3652 1043 3712 Mauro.

347 3778 373 3838 1.
395 3778 428 3839 st
442 3788 471 3838 te
484 3780 566 3839 dolor
577 3781 667 3856 aliqui
682 3781 808 3857 eorporis
822 3789 872 3840 aut
885 3780 1035 3839 infirmitas
1046 3780 1220 3839 valetudinis
1230 3789 1298 3841 tuae

304 3876 405 3949 tenuit,
420 3895 476 3952 quo
499 3877 594 3939 minus
617 3875 666 3936 ¹ad
687 3878 770 3936 ludos
791 3878 915 3951 venires,
935 3876 1067 3936 fortunae
1088 3876 1180 3955 magis
1201 3876 1298 3935 tribuo

328 4042 347 4081 ὓ
362 4042 407 4093 Ad
416 4042 490 4095 Fam.
500 4043 523 4093 1.
533 4048 557 4093 δ.
967 4042 1122 4100 turm.
1134 4040 1197 4093 VII.
1208 4046 1232 4093 l.
