2934 4692
261 387 320 451 284
588 401 768 478 urrerem
791 403 972 448 messurus.

299 563 371 624 mihi
394 560 570 623 ‘Canusinus
591 571 657 622 tuus
683 564 788 640 hospes
815 563 958 634 reddidit3
987 564 1111 638 tertiam,
1136 583 1238 644 quam,
1272 573 1309 626 ut

300 661 408 734 scribis,
421 658 538 720 ‘encore
551 660 652 732 solute,
661 661 697 719 de
710 661 830 737 phaselo
843 661 963 720 dedisti:
983 680 1058 737 quae
1068 661 1182 722 fuerunt
1193 681 1309 724 ommes

298 753 466 816 ‘rhetorum
508 754 591 816 Pure
611 756 777 832 loquuntur,
791 776 880 833 quum
894 757 1078 817 humanitatis
1092 777 1210 836 sparsae
1223 760 1307 832 sale,

299 862 361 912 tum
375 854 502 930 insignes
515 853 621 911 amoris
634 853 717 912 node.
759 851 871 928 Quibus
885 853 1010 929 epistolis
1022 873 1087 912 sum
1096 856 1229 931 equidem
1241 857 1306 915 abe

274 931 329 1011 tte
350 951 499 1010 lacessitus
522 950 561 1008 ed
581 950 782 1018 scribendum
802 949 855 1008 sed
875 950 981 1010 idcireo
1002 969 1067 1010 snm
1085 953 1201 1026 tardior,
1214 955 1304 1030 quod

298 1041 822 1108 noninvenio'tldelem¹tebellarium.
861 1041 987 1119 ⁸Quotus
998 1045 1227 1126 enim⁹quisqueb
1241 1059 1306 1122 est,

299 1144 351 1220 qui
371 1143 519 1220 epistolem
539 1141 636 1218 paullo
656 1142 820 1219 graviorem
833 1140 910 1200 ferre
930 1144 1028 1220 possit,
1041 1145 1096 1204 nisi
1110 1165 1172 1204 eam
1184 1147 1306 1224 pellec-

298 1241 377 1299 tione
396 1236 556 1297 relevarit?
605 1234 749 1298 1⁰Accedit
769 1255 813 1310 eo,
836 1239 913 1314 quod
933 1240 1005 1299 mihi
1025 1259 1081 1300 non
1101 1243 1217 1318 perinde
1238 1253 1305 1315 est,

299 1335 473 1412 utquisque
494 1335 524 1392 in
543 1333 668 1411 Epirum
687 1334 886 1410 proficiscitur.
928 1334 994 1413 Ego
1014 1337 1091 1396 enim
1111 1348 1139 1396 te
1157 1337 1304 1410 obium,

260 1433 391 1495 ltceesis
414 1431 492 1508 apud
518 1427 725 1490 ”Amaltheam
749 1439 830 1488 tuem
853 1427 1006 1504 ”victimis
1029 1433 1124 1492 statim
1146 1451 1208 1492 esse
1231 1431 1304 1492 ”ad

300 1527 454 1607 Sicyonem
474 1527 697 1605 oppugnandum
713 1515 881 1604 profectum
923 1529 1029 1606 Neque
1043 1539 1139 1588 tamen
1152 1531 1181 1589 id
1194 1530 1303 1608 ipsum

298 1637 409 1688 eertum
428 1627 530 1698 habeo,
544 1625 660 1702 quando
679 1625 717 1685 ad
731 1625 890 1684 Antonium
913 1628 1101 1704 proficiscere,
1115 1637 1163 1686 eut
1175 1628 1248 1704 quid
1262 1627 1302 1688 in

299 1704 392 1802 ‘Epiro
405 1724 541 1800 temporis
554 1719 674 1799 “ponae
714 1722 762 1781 Itu
775 1741 870 1798 neque
881 1722 1017 1782 Achaicis
1027 1724 1185 1784 hominibus
1196 1743 1300 1801 neque

299 1823 454 1902 Epiroticis
478 1822 575 1899 paullo
602 1821 750 1881 liberiores
778 1821 888 1881 litterae
916 1823 1093 1882 committere
1119 1825 1219 1884 audeo.
1265 1824 1302 1882 2.

260 1933 292 1984 to
301 1919 377 1982 Sunt
389 1930 486 1980 autem
500 1929 565 1996 post
585 1919 742 1978 discessum
756 1938 775 1977 s
786 1937 834 1978 me
847 1928 928 1978 tuum
938 1937 985 1980 res
999 1921 1102 1997 dignae
1113 1920 1214 1980 litteris
1226 1939 1303 1981 nce-

298 2020 359 2091 tris,
379 2019 431 2077 sed
450 2037 507 2077 non
528 2016 748 2078 committendae
762 2016 901 2093 ejusmodi
915 2018 1051 2094 periculo,
1065 2027 1097 2076 ut
1110 2027 1160 2076 aut
1172 2017 1303 2079 interire

298 2125 350 2174 eut
368 2114 475 2192 aperiri
496 2123 547 2174 eut
567 2114 699 2190 intercipi
719 2114 836 2190 possint
878 2113 1011 2173 Primum
1029 2115 1118 2191 igitur
1131 2115 1200 2174 scito
1213 2113 1303 2193 ¹‘pri-

297 2231 379 2271 mum
398 2229 446 2292 me
467 2229 523 2269 non
537 2228 602 2268 esse
622 2218 757 2286 rogatum
771 2210 949 2282 sententiam,
964 2211 1213 2288 praepositumque
1228 2229 1301 2271 esee

298 2309 379 2367 nobis
402 2304 636 2385 l‘pacificatorem
650 2305 850 2383 Allobrogum,
868 2306 954 2384 idque
974 2303 1228 2367 ”admurmurante
1247 2327 1301 2368 se-

258 2414 368 2467 senatu
388 2423 483 2482 neque
503 2423 550 2463 me
570 2404 661 2462 invito
681 2421 745 2461 esse
765 2401 881 2482 iactum.
923 2402 996 2464 Sum
1014 2405 1090 2462 enim
1102 2413 1132 2462 et
1144 2405 1181 2462 eb
1194 2405 1301 2463 obser·-

298 2503 393 2561 vando
406 2503 522 2560 homine
535 2518 673 2566 perverso
686 2498 761 2557 liber
774 2509 803 2558 et
816 2495 873 2558 1iad
887 2500 1056 2576 dignitatem
1075 2501 1104 2557 in
1124 2519 1156 2558 re
1177 2501 1300 2577 publiea

297 2598 478 2657 retinendam
498 2606 598 2655 contra
615 2596 692 2654 illius
708 2595 883 2654 voluntatem
898 2595 1025 2664 solutus;
1046 2604 1076 2654 et
1088 2596 1136 2654 ille
1150 2595 1298 2654 secundm

297 2694 328 2753 in
341 2694 463 2753 dicendo
476 2693 555 2752 locus
568 2693 656 2752 habet
670 2691 870 2750 auctoritatem
892 2709 984 2766 paene
998 2691 1134 2768 principis
1148 2699 1178 2748 et
1191 2691 1299 2749 volun·

297 2797 387 2847 tutem
410 2809 468 2848 non
491 2789 576 2847 nimis
599 2787 763 2847 devinctam
785 2786 924 2844 beneficio
943 2786 1075 2844 consulis.
1115 2784 1232 2844 Tertius
1249 2796 1297 2846 est

257 2899 290 2948 2⁵
300 2883 429 2957 Catulus,
449 2897 568 2962 quartus
585 2885 625 2964 (si
646 2886 733 2944 etiem
747 2883 802 2941 hoc
815 2883 944 2960 quaeris)
961 2881 1140 2941 Hortensius.
1183 2881 1297 2942 Consul

297 2991 395 3041 autem
415 2984 477 3060 ipse
497 3002 589 3060 parvo
602 2983 698 3042 enimc
713 2991 743 3040 et
764 2997 864 3056 pravo,
884 2987 994 3038 tentum
1014 2978 1165 3036 cavillator
1184 2997 1296 3056 genere

297 3077 348 3138 illo
360 3097 480 3151 moroso,
493 3080 571 3155 quod
584 3079 671 3138 etiam
685 3079 748 3137 sine
763 3071 946 3134 ¹⁰dicecitate⁶
962 3075 1078 3145 ridetur,
1092 3071 1188 3134 ”faeie
1201 3075 1296 3152 magis

298 3193 386 3252 quem
405 3175 516 3234 fseetiie
537 3175 681 3248 ridiculus,
694 3171 787 3232 ²¹nihil
801 3193 821 3232 a
833 3190 981 3249 genscum
996 3191 1028 3229 re
1043 3171 1166 3248 publice,
1181 3171 1295 3248 sejunc-

297 3280 344 3330 tus
357 3272 394 3329 eb
408 3272 600 3348 optimatibus,
613 3291 633 3330 a
646 3291 704 3348 quo
718 3271 790 3330 nihil
812 3287 910 3347 speres
931 3269 998 3327 boni
1012 3269 1053 3327 rei
1069 3269 1210 3346 publicae,
1224 3269 1296 3346 quia

258 3378 291 3428 to
299 3386 357 3426 non
371 3368 451 3435 vult;
471 3368 544 3425 nihil
565 3365 709 3446 [metues]
724 3367 802 3440 meli,
815 3367 885 3444 quie
899 3384 956 3426 non
969 3366 1065 3424 audet
1106 3363 1181 3441 Ejus
1194 3375 1295 3424 entem

297 3463 409 3540 collega
421 3473 451 3521 et
464 3464 494 3521 in
508 3483 555 3522 me
569 3463 794 3540 perhonorificus
809 3471 838 3521 et
851 3462 975 3539 partium
990 3462 1133 3520 studiosus
1146 3481 1182 3521 ec
1195 3459 1296 3522 defen·

298 3561 508 3618 uerbenarum.
553 3559 631 3634 Quin
651 3579 728 3619 nunc
743 3560 845 3618 leviter
859 3560 980 3620 intense
994 3559 1141 3617 dissident.
1183 3558 1211 3616 3.
1233 3557 1295 3618 Sed

298 3674 410 3728 vereor,
429 3652 487 3715 ²'ne
507 3655 571 3728 hoc,
590 3656 667 3731 quod
686 3655 823 3714 infectum
844 3664 896 3726 est,
916 3665 1014 3732 serpat
1033 3655 1155 3732 longine
1198 3651 1294 3714 Credo

289 3807 384 3857 nrrsr.
400 3807 450 3857 111.
484 3806 568 3855 ·Disr.
580 3806 627 3855 bet
638 3803 810 3870 fidoqfidelr's,
822 3803 918 3869 iqfidus,
929 3801 1038 3867 infidelit,
1052 3803 1166 3869 pnfidus,
1178 3804 1228 3854 end
1241 3819 1294 3868 po·

251 3885 361 3949 fidimus.
385 3885 420 3935 V.
432 3901 457 3935 n.
469 3886 550 3936 7...»
558 3885 625 3934 Dist.
641 3883 689 3934 bet
701 3884 802 3948 quisque,
813 3883 896 3947 quiuis,
908 3881 1005 3953 qut'lr'dd,
1016 3883 1174 3947 tumidoque,
1187 3883 1236 3932 sod
1246 3881 1292 3930 sin-

254 3964 312 4031 pati.
336 3966 371 4015 V.
387 3982 411 4016 n.
430 3965 584 4016 e.-·1)iss
600 3964 651 4014 bet
668 3961 735 4025 euim,
750 3961 875 4025 moilatio,
892 3962 1014 4023 discetur,
1030 3961 1097 4028 lepos,
1116 3965 1167 4014 and
1179 3961 1289 4032 fiesties.

258 4045 294 4096 V.
305 4059 331 4097 ιι.
345 4049 383 4096 19.
