2934 4692
382 440 467 485 coss.
488 440 621 485 rasere.
643 440 747 483 rama.
767 441 817 485 rr..
838 442 984 485 sarsum.
1138 426 1195 485 311

151 602 303 681 judicium
317 612 447 663 vestrum
462 605 499 663 ad
518 622 616 683 regem
630 603 744 663 deferre
757 604 862 663 debere
876 604 961 680 eique
981 604 1157 679 praesidium

157 722 261 763 meum
273 710 303 760 et
316 701 405 759 fidem
418 709 448 758 et
462 700 638 777 diligentiam
652 702 787 778 polliceri,
801 710 841 773 ut,
852 703 989 776 qnoniam
1002 702 1079 760 salus
1089 702 1158 779 ipsi·

158 812 208 866 ns,
222 793 400 852 incolumitas
413 792 497 869 regni
517 792 587 849 mihi
601 791 799 851 commendata
816 800 892 849 essct
904 810 923 849 a
936 792 1026 862 vobis,
1039 793 1157 865 diceret,

156 890 184 948 si
208 889 277 965 quid
297 888 393 947 vellet
436 887 464 944 5.
487 886 571 962 Quae
591 906 682 963 quum
701 902 795 945 essem
814 883 855 945 'in
875 888 993 946 consilio
1011 906 1077 947 meo
1090 903 1157 947 cum

155 1002 231 1062 rege
250 985 369 1055 locutus,
385 983 466 1042 initio
486 982 535 1041 ille
555 983 690 1041 orationis
711 1002 782 1042 suae
795 984 877 1041 vobis
896 985 1048 1056 maximas,
1062 993 1095 1042 ut
1107 984 1157 1043 de·
1180 996 1196 1045 s

155 1078 232 1151 buit,
245 1080 349 1137 deinde
371 1080 458 1137 etiam
479 1078 550 1136 mibi
571 1078 680 1154 gratias
699 1078 767 1153 egit,
781 1078 858 1152 quod
878 1078 905 1135 ei
925 1096 1114 1156 permagnum
1127 1089 1157 1139 et

154 1174 403 1253 perhonorificum
415 1175 576 1246 ridebatur,
591 1172 621 1233 S.
637 1173 673 1231 P.
689 1172 725 1248 Q.
742 1174 778 1231 R
793 1183 890 1232 mutae
903 1190 991 1233 curae
1004 1194 1068 1234 esse
1081 1176 1158 1234 salu·

155 1281 220 1330 tem
234 1288 317 1330 susm
330 1290 435 1347 meque
449 1282 559 1329 tanum
573 1270 753 1347 diligentiam
766 1270 912 1342 adhibere,
921 1280 955 1329 ut
967 1280 998 1329 et
1009 1288 1076 1331 mea
1084 1273 1157 1331 fides

155 1376 190 1425 et
211 1369 466 1427 commendationis
483 1377 579 1426 vestra
599 1367 754 1426 auctoritas
774 1367 898 1443 perspici
911 1376 1015 1443 posset
1055 1367 1156 1443 Atque

153 1464 210 1522 ille
224 1465 325 1541 primo,
340 1465 416 1541 quod
438 1466 507 1522 mihi
522 1464 667 1523 maximae
681 1462 809 1521 laetitiae
822 1462 884 1534 fuit,
898 1464 939 1521 ita
950 1482 1065 1522 mecum
1077 1464 1154 1522 locu·
1163 1476 1197 1525 10

154 1568 206 1618 ins
220 1569 271 1631 est,
284 1571 318 1617 ut
331 1560 424 1619 nullas
438 1560 557 1619 insidias
581 1578 675 1636 neque
690 1560 768 1618 vilae
787 1578 856 1617 suae
869 1578 965 1635 neque
978 1578 1067 1636 regno
1081 1560 1156 1619 diee-

155 1664 206 1715 ret
218 1674 249 1715 se
269 1666 320 1715 aut
340 1657 501 1735 intelligere
515 1658 578 1716 fieri
592 1666 643 1715 aut
656 1656 744 1715 etiam
757 1656 905 1733 suspicari.
947 1654 1046 1730 Quum
1059 1675 1115 1734 ego
1127 1656 1156 1715 ei

157 1752 320 1829 grclulatus
341 1772 433 1811 essem
455 1754 542 1830 idque
563 1774 610 1812 me
631 1753 760 1831 gaudere
778 1752 926 1824 dixissem,
939 1754 1111 1824 cohortatus,
1123 1760 1157 1812 ut

157 1850 359 1908 recordaretur
378 1845 487 1908 ⁸casum
507 1850 590 1908 illum
614 1849 748 1907 interitus
775 1849 888 1925 paterni
908 1857 938 1906 et
951 1849 1105 1924 vigilanter
1123 1868 1156 1908 se

156 1953 291 2003 tueretur
310 1954 397 2021 atque
411 1946 557 2004 admonitu
573 1955 689 2003 senatus
703 1945 864 2003 consuleret
876 1945 963 2003 saluti
976 1963 1054 2014 suae,
1064 1953 1125 2002 urm
1136 1964 1155 2003 a
1164 1959 1197 2006 lt

156 2060 207 2100 me
219 2041 352 2101 discessit
365 2043 394 2098 in
405 2042 541 2119 oppidum
554 2040 698 2119 Cybistra.
741 2042 768 2098 6.
790 2039 914 2099 Postero
924 2050 1021 2099 autem
1032 2040 1079 2099 die
1089 2059 1155 2099 cum

155 2135 336 2211 ’Ariarathe
349 2138 438 2198 fratre
458 2158 518 2211 suo,
533 2147 642 2199 etcum
661 2138 788 2216 paternis
802 2139 902 2197 amicis
915 2136 1072 2213 majoribus
1084 2147 1155 2196 natu

157 2236 199 2293 ad
212 2254 259 2295 me
272 2236 303 2293 in
317 2245 411 2294 castra
425 2236 512 2307 venit,
533 2235 774 2313 perturbatusque
789 2243 819 2293 et
832 2234 913 2305 flens,
927 2251 1018 2309 quum
1035 2233 1113 2291 idem
1125 2242 1156 2292 ct

158 2330 252 2391 frater
262 2330 370 2391 faceret
381 2340 410 2390 et
423 2331 516 2403 amici,
525 2350 621 2389 meam
634 2331 729 2402 fidem,
740 2341 868 2388 vestram
878 2330 1155 2389 commendationem

158 2427 314 2504 implorare
323 2426 424 2504 coepit
468 2426 566 2501 Quum
577 2427 746 2498 admirarer,
754 2427 824 2502 quid
834 2426 985 2484 accidisset
994 2425 1195 2497 novidixitw

158 2524 198 2583 sd
210 2542 242 2582 se
256 2524 361 2583 indicia
375 2522 590 2582 manifestarum
604 2524 772 2581 insidiarum
786 2542 849 2582 esse
862 2523 966 2594 delata,
975 2543 1048 2599 quae
1058 2532 1156 2582 essent

158 2628 227 2679 ente
248 2620 404 2679 adventm
425 2639 522 2678 meum
542 2620 691 2690 occultata,
713 2620 791 2695 quod
814 2619 845 2692 ii,
862 2620 913 2695 qui
934 2638 970 2678 ea
991 2619 1154 2697 patefacere

159 2725 284 2793 possem,
304 2725 423 2792 propter
444 2723 552 2774 metum
572 2716 772 2784 reticuissent3
792 2736 829 2774 eo
842 2724 939 2774 autem
959 2724 1088 2793 tempore
1101 2733 1155 2793 spe

159 2813 216 2870 mei
230 2812 365 2889 praesidii
380 2812 539 2889 complures
551 2832 594 2883 ea,
607 2832 681 2888 quae
696 2814 810 2885 scirent,
825 2813 963 2872 audacter
975 2814 1013 2872 ad
1027 2832 1058 2872 se
1072 2814 1154 2871 detn-

159 2908 246 2975 lisse;
267 2908 297 2965 in
310 2908 346 2965 iis
359 2908 584 2967 amantissimum
599 2908 651 2979 sui,
666 2927 779 2968 summa
795 2909 901 2985 pietate
922 2910 1083 2987 praeditum
1096 2907 1193 2969 fra-25

1323 1071 1333 1106 q
1434 1062 1436 1083 r

159 3014 233 3063 trem
246 3005 342 3063 dicere
356 3022 485 3080 eaquae
500 3024 546 3062 me
561 3005 585 3063 is
600 3024 713 3080 quoque
730 3005 865 3063 audiente
876 3006 998 3078 dicebat,
1008 3026 1040 3065 se
1050 3006 1155 3065 sollici-

159 3108 250 3158 tatum
264 3118 336 3170 esse,
347 3107 379 3157 ut
391 3117 514 3175 regnare
530 3099 616 3157 vellet
627 3122 635 3167 ;
657 3099 685 3157 id
700 3101 769 3158 vivo
782 3099 872 3159 fratre
887 3120 939 3161 suo
952 3104 1082 3178 accipere
1095 3120 1153 3159 uon

158 3197 304 3273 potuisse;
324 3214 356 3255 se
376 3205 473 3253 tamen
494 3204 560 3253 ante
582 3196 653 3254 illud
674 3206 787 3275 tempus
806 3216 871 3257 eam
885 3218 946 3257 rem
961 3206 1109 3273 nunqnam
1121 3198 1153 3255 in

159 3293 285 3351 medium
298 3302 416 3369 propter
429 3294 550 3369 periculi
560 3305 669 3353 metum
680 3297 841 3374 protulisse.
885 3296 968 3371 Quae
976 3315 1066 3373 quum
1077 3303 1153 3353 esset
1217 3339 1231 3367 ,

158 3389 278 3459 locutus,
291 3388 388 3446 monui
402 3408 510 3465 regem,
525 3400 557 3448 ut
571 3410 685 3451 omnem
699 3392 878 3469 diligentiam
888 3394 926 3451 ad
940 3413 971 3451 se
982 3409 1152 3451 conservan-
1160 3402 1192 3450 8⁰

158 3485 228 3543 dum
247 3485 406 3558 adhiberet,
421 3490 585 3566 amicosque
600 3491 689 3567 patris
709 3489 772 3567 ejus
786 3503 873 3567 atque
885 3492 935 3551 avi
947 3488 1074 3567 ¹⁰jndicio
1088 3507 1152 3565 pro·

159 3582 238 3639 batos
259 3582 388 3641 hortatus
414 3602 486 3656 sum,
507 3587 584 3663 regis
604 3588 649 3644 sui
670 3588 760 3645 vitam
781 3589 855 3646 docti
880 3608 948 3647 casu
968 3586 1152 3645 acerbissimo

158 3678 246 3754 petris
260 3676 323 3753 ejus
337 3680 416 3739 omni
428 3701 497 3740 cura
508 3682 692 3759 custodiaque
703 3683 898 3742 defenderent
939 3682 966 3739 7.
989 3681 1087 3756 Quum
1097 3700 1151 3739 rex

158 3792 235 3832 ame
250 3777 408 3849 equitatum
423 3778 612 3853 cohortesque
631 3779 667 3837 de
682 3781 810 3838 exercitu
832 3798 899 3838 meo
919 3779 1085 3855 postularet,
1097 3777 1153 3836 etsi

158 3871 354 3947 intelligebam
375 3882 472 3932 vestro
492 3885 608 3933 senatus
628 3876 757 3935 consulto
777 3895 836 3934 uon
854 3876 940 3935 modo
960 3893 1044 3952 posse
1059 3893 1108 3932 me
1121 3874 1151 3932 id
1158 3888 1191 3935 8⁶

157 3964 253 4026 fecere
275 3968 326 4027 sed
347 3970 434 4027 etiam
448 3971 562 4038 debere,
577 3979 681 4041 tamen,
695 3990 785 4048 quum
798 3990 845 4029 res
865 3971 981 4048 publica
994 3970 1152 4045 postularet

158 4074 275 4142 propter
288 4064 467 4139 quotidianos
475 4083 519 4207 ff
535 4062 621 4142 Syria
634 4068 757 4138 nuutios,
772 4076 903 4142 utquam
925 4066 1049 4143 primum
1069 4082 1152 4125 exer·
