2934 4692
279 398 338 459 320
609 413 788 458 nrtsnonan
809 412 992 457 etennotne.

505 616 509 629 ι
547 668 817 729 EPISTOLA
856 669 1045 730 xxm·

491 828 555 893 (Ser.
566 829 598 879 nd
609 829 696 879 urbem
707 830 770 895 prid.
781 830 820 879 Id.
830 829 889 881 dan.
900 830 934 881 Δ.
947 829 980 881 U.
993 830 1022 883 Ο.
1034 832 1102 895 tot.)

470 956 505 1007 A.
517 956 550 1009 U.
564 956 594 1009 0.
607 958 661 1007 ton.
695 956 764 1008 Ante
776 956 805 1009 C.
816 957 849 1007 N.
860 962 900 1009 te.
933 958 1004 1009 Anni
1015 960 1069 1012 Cic.
1081 964 1121 1011 58.

310 1082 380 1138 Coss.
393 1083 423 1137 0.
442 1084 589 1137 Catonius
606 1084 787 1147 maeniana,
804 1086 834 1135 1..
854 1085 1016 1138 Coanamus
1032 1088 1187 1139 huruuua
1205 1087 1289 1140 Caua

312 1228 399 1281 Cicero
411 1230 472 1295 prid.
483 1228 547 1279 Non.
558 1229 616 1280 Jan.
628 1230 660 1279 ad
671 1229 758 1279 urbem
769 1231 888 1281 accedens
899 1232 925 1281 in
940 1233 1022 1297 ipsam
1039 1233 1126 1283 incidit
1141 1234 1275 1283 flammam
1284 1233 1313 1281 ti

278 1309 334 1359 vitis
346 1310 482 1359 discordiae
492 1312 556 1359 inter
567 1309 697 1360 Caesarem
708 1318 733 1359 et
744 1311 901 1375 Pompeium.
934 1313 1159 1364 tintinniacum
1168 1322 1208 1362 est
1215 1323 1312 1362 scum

278 1390 428 1448 consultum,
441 1400 468 1439 nt
479 1400 535 1438 ants
547 1390 605 1439 Kal.
618 1390 693 1439 Mart.
707 1389 799 1439 Caesar
809 1392 945 1441 exercitam
956 1393 1105 1453 dimitterem
1121 1395 1143 1442 ai
1154 1408 1206 1442 non
1216 1392 1312 1452 faceret,

278 1483 336 1517 enm
352 1470 470 1517 adversus
482 1484 533 1517 rem
551 1469 617 1533 publ.
629 1469 753 1518 sucturum
764 1471 848 1519 videti
881 1472 914 1521 Ei
924 1482 1023 1522 senatus
1035 1474 1147 1522 consulto
1158 1474 1313 1521 intercedunt

278 1547 369 1597 tribuni
381 1547 444 1612 pleb.
458 1548 493 1596 M.
505 1550 630 1597 Antonius
641 1557 666 1597 et
683 1548 714 1609 Q.
729 1547 839 1599 Cassius.
874 1550 980 1601 Senatus
992 1553 1141 1613 oonsulibus,
1153 1553 1311 1617 praetorium,

277 1628 381 1679 udonis
398 1628 528 1693 putisque
545 1629 588 1692 qni
605 1643 650 1692 pro
667 1628 809 1678 oonsulibus
826 1631 858 1680 ad
874 1632 960 1681 urbem
971 1642 1048 1693 erant,
1060 1634 1188 1696 negotium
1200 1633 1312 1691 deditnt

278 1716 399 1769 curarent,
416 1709 523 1772 nequid
540 1723 578 1757 res
594 1708 694 1773 publice
710 1710 850 1760 detrimenti
866 1721 971 1776 caperet.
1015 1712 1109 1772 Cicero,
1121 1728 1201 1777 quum
1224 1712 1312 1761 frustra

277 1790 437 1838 omniaesaet
454 1797 578 1851 expertus,
591 1802 655 1853 qnae
673 1788 706 1837 ad
724 1791 882 1839 concordiam
902 1794 1058 1856 pertinerent,
1071 1802 1202 1857 postquam
1216 1791 1313 1852 Caeam,

278 1868 406 1918 Rubicone
422 1870 531 1933 trajecto,
544 1868 672 1933 complura
682 1870 776 1932 oppida
785 1881 955 1934 occupaverat,
967 1888 1017 1921 nna
1028 1888 1085 1920 cum
1096 1872 1240 1921 consulibna
1251 1872 1313 1920 aliie

278 1965 326 2016 qne
336 1949 504 2015 optimatibus,
517 1949 560 2011 qui
571 1948 721 2013 Pompeium
734 1949 905 2012 sequebantm,
918 1950 950 1999 ab
961 1951 1019 2000 urbe
1031 1952 1150 2011 discessit,
1161 1962 1187 2000 et
1199 1950 1312 2015 Capuam

277 2048 396 2098 oramque
412 2033 562 2081 maritimam
582 2049 598 2082 a
613 2033 719 2083 Formiis
740 2034 858 2083 tuendam
871 2034 985 2097 suscepit.
1017 2032 1150 2095 Pompeius
1163 2031 1242 2080 VIII.
1255 2032 1310 2082 ttat

277 2113 352 2164 Mart
369 2114 528 2164 Brundisium
546 2116 620 2165 venit.
656 2114 718 2165 VII.
736 2114 774 2164 Id.
796 2114 870 2164 Mart.
889 2112 1022 2163 Caesarad
1033 2128 1131 2161 murum
1144 2122 1225 2161 castra
1237 2114 1311 2177 ponit

278 2194 380 2247 XXVI.
398 2197 455 2246 Kal.
474 2198 556 2262 April.
573 2198 708 2261 Pompeius
724 2195 859 2245 Brundisio
877 2208 935 2243 cnm
946 2193 1060 2243 omnibns
1072 2193 1276 2257 nomismatibus
1286 2194 1311 2243 in

279 2277 408 2328 Graeciam
428 2280 525 2343 trajicit
559 2278 651 2329 Caesar
668 2286 768 2341 postero
787 2276 827 2323 die
842 2275 962 2338 oppidum
973 2274 1097 2337 ingressus
1107 2274 1310 2335 etcontionatna,

278 2360 387 2410 Romam
399 2360 567 2424 proficiscitur,
578 2375 628 2424 qno
644 2359 670 2407 in
681 2359 768 2407 itinere
781 2357 942 2407 Cicerocum
961 2354 1083 2403 convenit.
1116 2352 1178 2403 VII.
1198 2355 1238 2403 ld
1254 2354 1313 2404 Jnn.

277 2448 411 2505 postquam
422 2440 513 2504 Arpini
525 2440 575 2489 filio
586 2448 672 2503 togam
684 2452 774 2501 puram
785 2436 893 2495 dederat,
906 2434 1054 2498 Pompeium
1065 2434 1090 2482 in
1103 2432 1233 2483 Graeciam
1245 2449 1313 2483 aeon·

278 2528 356 2581 turns,
376 2534 465 2569 navem
484 2519 633 2569 conscendit.
675 2516 768 2567 Caesar
790 2516 913 2579 Hispania
933 2514 1032 2579 potitur.
1054 2514 1175 2577 superatis
1199 2512 1314 2579 Pompn‘i

278 2598 374 2663 legatis,
386 2607 412 2648 et
430 2614 445 2647 a
457 2599 493 2647 M.
506 2598 600 2661 Lepido
618 2604 729 2661 praetore
741 2596 847 2659 dictator
857 2596 937 2643 dictus
955 2593 1052 2643 Romae
1062 2593 1162 2642 comitia
1172 2593 1253 2655 habet,
1261 2595 1313 2659 qni·

277 2678 324 2731 bne
335 2678 388 2743 ipae
399 2694 456 2729 cnm
468 2679 497 2728 P.
512 2677 617 2729 Servilio
630 2692 680 2727 cos.
693 2685 796 2726 creatur.

297 2854 442 2915 'tunm
464 2873 504 2915 ur
526 2854 659 2926 Otos-sno,
680 2854 859 2921 Turrensis,
881 2850 1017 2922 ΤυιιιΑ,
1039 2848 1075 2924 Q.
1097 2849 1233 2907 Faunae
1253 2865 1292 2905 nt

592 2950 629 3026 Q.
651 2950 688 3007 F.
708 2949 830 3005 'Iiaout
852 2944 883 3005 S.
906 2945 942 3002 P.
964 2945 1002 3002 D.

361 3101 387 3159 1.
408 3100 474 3158 Etsi
488 3100 729 3177 opportunitatem
744 3114 850 3174 operae
864 3103 932 3151 tuae
946 3092 1077 3150 omnibns
1090 3089 1160 3149 locis
1174 3090 1312 3161 desidero,

318 3204 415 3256 tamen
437 3216 493 3255 non
518 3207 577 3256 tam
600 3214 674 3268 mea,
688 3215 777 3272 quam
799 3203 858 3263 tua,
873 3209 960 3251 eausa
979 3188 1063 3248 doleo
1084 3197 1113 3245 te
1135 3206 1192 3246 non
1208 3188 1312 3245 valere.

320 3292 379 3355 Sed
394 3296 529 3370 quoniam
543 3292 581 3353 ¹in
597 3306 768 3372 quartanam
784 3308 924 3351 conversa
939 3288 983 3344 vis
998 3296 1041 3344 est
1054 3285 1156 3356 morbi
1169 3284 1225 3359 (sie
1238 3284 1313 3341 enim

318 3391 417 3449 scribit
439 3389 565 3469 Cumas)
583 3410 666 3467 spero
686 3401 723 3463 te,
738 3388 886 3464 dilIgentia
901 3383 1036 3453 adhibita,
1051 3382 1138 3439 etiam
1159 3380 1313 3437 firmiorem

291 3484 387 3547 osone.
428 3487 518 3546 Modo
539 3486 593 3557 fae
607 3487 636 3544 id
651 3488 727 3563 qnod
742 3494 787 3544 est
801 3479 998 3541 ²humanitatis
1013 3488 1088 3548 tuae,
1101 3495 1138 3535 ne
1152 3476 1223 3552 quid
1236 3474 1314 3533 alind

318 3602 401 3641 ennea
421 3585 475 3641 hoc
495 3594 632 3660 tempore,
653 3585 707 3643 nisi
721 3592 754 3642 ut
774 3601 861 3658 qnam
876 3576 1103 3639 commodissime
1120 3573 1314 3631 convalescas.

318 3678 386 3737 Non
408 3680 517 3756 ignoro,
532 3690 671 3757 quantum
685 3698 724 3739 ex
738 3678 881 3737 desiderio
894 3677 1027 3742 labores3
1048 3672 1101 3731 aed
1117 3679 1204 3728 erunt
1216 3668 1313 3725 omnia

318 3774 421 3847 facilia,
443 3777 465 3835 si
481 3777 598 3835 valebis.
640 3776 793 3834 Festinare
813 3783 842 3831 te
865 3772 939 3837 noio,
954 3789 991 3828 ne
1011 3786 1138 3827 nauseae
1154 3763 1313 3823 molestiam

319 3872 457 3948 suscipias
470 3891 558 3949 aeger
571 3880 601 3931 et
621 3871 781 3948 periculose
801 3869 896 3927 hieme
910 3866 1038 3942 naviges.
1081 3864 1107 3921 2.
1123 3862 1191 3939 Ego
1205 3856 1255 3918 ⁸ad
1266 3877 1314 3915 nn-

659 4045 678 4085 *
693 4044 738 4095 An
749 4044 820 4093 Fam.
832 4042 908 4093 XVI.
922 4046 961 4092 il.
