2934 4692
252 367 311 428 136
591 383 639 427 un
656 384 765 429 uacuo
786 386 940 432 cancroo.

290 545 379 605 hiemi
392 544 605 622 mvigstionem
618 544 826 622 subjiciendam
839 567 896 607 non
911 548 1103 609 existimabat.
1141 548 1210 627 Ipse
1220 550 1286 611 ido-

290 661 377 701 neam
396 652 597 718 tempestatem
609 652 709 701 nactus
722 644 820 720 paullo
835 653 898 721 post
912 646 1049 704 mediam⁰
1063 654 1175 705 noctem
1190 667 1284 707 naves

290 739 383 810 solvit,
405 757 480 814 quae
499 757 600 797 omnes
621 740 778 798 incolumes
799 741 837 799 ad
858 742 1051 800 confinentem
1069 754 1284 819 pervenerunt3

290 835 342 893 sed
362 854 401 895 ex
414 835 451 892 iis
464 834 615 893 onerariae
628 834 703 893 duae
722 831 859 906 ⁸eosdem,
872 855 944 912 quos
964 838 1101 913 reliquae,
1121 850 1220 917 portus
1234 858 1284 899 ca·

271 944 287 991 o
294 949 365 1009 pere
378 947 435 990 non
450 939 612 1008 potuerunt,
625 940 656 989 et
668 932 766 1007 paullo
779 930 867 991 ⁴infra
880 932 992 992 delatae
1006 945 1080 993 sunt.

331 1026 502 1084 XXXVII.
522 1022 694 1100 ¹Quibnsex
707 1029 830 1087 navibus
838 1047 928 1105 quum
939 1040 1035 1089 essent
1043 1031 1166 1108 expositi
1175 1032 1282 1092 milites

290 1122 404 1182 circiter
423 1121 553 1193 trecenti,
572 1132 659 1197 atque
679 1122 710 1179 iu
729 1134 825 1183 castra
846 1125 1057 1198 contenderent,
1076 1126 1193 1199 Morini,
1207 1147 1281 1203 quos

292 1216 401 1278 Caesar
426 1218 457 1275 in
485 1216 669 1275 Britanniam
688 1218 871 1294 proficiscens
893 1219 1019 1299 ²paeatos
1040 1223 1205 1299 reliquerat,
1228 1242 1281 1301 spe

289 1315 415 1392 praedae
428 1313 543 1373 adducti
557 1313 651 1391 primo
664 1333 722 1373 non
737 1316 777 1375 ita
788 1336 892 1395 magno
903 1337 1019 1377 suorum
1029 1325 1149 1378 numero
1161 1322 1282 1380 circum-

251 1424 284 1475 1⁰
291 1421 439 1484 steterunt,
453 1431 496 1484 ac,
511 1411 537 1469 si
556 1430 621 1469 sese
641 1411 770 1471 interfici
784 1414 900 1485 nollent,
913 1434 995 1473 arma
1007 1434 1114 1491 ponere
1123 1414 1280 1491 jusserunt.

292 1508 391 1585 Quum
403 1508 453 1580 illi,
467 1510 537 1568 orbe
550 1507 635 1581 sacto,
649 1526 714 1567 sese
728 1508 925 1581 defenderent,
936 1511 1068 1570 celeriter
1077 1512 1113 1571 ad
1125 1512 1280 1571 clamorem

289 1606 440 1665 hominum
453 1605 567 1663 circiter
589 1604 670 1663 milia
682 1622 737 1663 sex
759 1614 961 1664 convenerunt.
1005 1605 1072 1680 Qua
1084 1626 1117 1665 re
1136 1610 1280 1682 nunciata,

291 1699 401 1761 Caesar
413 1720 529 1759 omnem
542 1720 581 1760 ex
591 1702 692 1760 castris
706 1702 866 1777 equitatum
877 1703 1065 1761 suls⁸auxilio
1075 1704 1160 1763 misit
1201 1704 1281 1764 Inte·

290 1798 345 1855 rIm
359 1798 447 1855 nostri
457 1797 563 1855 milites
573 1797 712 1873 impetum
720 1797 845 1855 hostium
855 1798 1049 1857 sustinuerunt
1060 1807 1146 1875 atque
1156 1800 1280 1876 amplius

251 1907 284 1955 1⁶
291 1889 383 1952 horisb
397 1901 531 1969 quattuor
544 1890 698 1951 fortissime
719 1902 930 1970 pugnaverunt,
943 1903 973 1953 et
992 1894 1092 1970 paucis
1112 1894 1280 1955 vulneribus

290 1991 424 2067 acceptis,
442 1990 604 2066 complures
617 2009 657 2048 ex
679 1990 724 2049 his
745 1990 918 2049 oeciderunt.
957 1986 1079 2049 ⁸Postea
1101 2010 1281 2067 veroquam

291 2087 435 2163 equitatus
454 2097 553 2144 noster
571 2086 603 2144 in
622 2095 806 2163 conspectum
825 2087 913 2158 venit,
933 2087 1038 2159 hostes,
1051 2087 1170 2163 abjectis
1183 2089 1280 2161 armis,

290 2190 374 2260 terga
386 2191 543 2253 verterunt,
557 2200 736 2259 magnusque
751 2201 850 2242 eorum
863 2186 1001 2241 numerus
1014 2192 1058 2241 est
1070 2184 1189 2243 occisus.

331 2276 519 2336 XXXVIII.
562 2276 671 2337 Caesar
684 2282 798 2353 postero
810 2279 856 2337 die
871 2278 971 2336 Titum
983 2278 1143 2339 Labienum
1154 2280 1280 2357 legatum

250 2386 358 2437 iocum
372 2375 417 2433 his
433 2374 603 2450 legionibus,
618 2393 689 2449 quas
703 2392 743 2431 ex
757 2372 910 2433 Britannia
923 2375 1087 2447 reduxerat,
1096 2376 1126 2433 in
1141 2376 1280 2449 Morlnos,

290 2471 341 2546 qui
353 2469 539 2528 rebellionem
554 2468 690 2540 fecerant,
704 2470 789 2527 misit.
831 2468 891 2543 Qui
904 2489 992 2546 quum
1006 2482 1124 2548 propter
1137 2472 1279 2533 siccitates

290 2566 436 2643 paludum,
445 2562 514 2641 ¹quo
527 2584 559 2623 se
572 2565 743 2640 reciperent,
751 2584 806 2625 non
817 2565 1029 2643 baberent,quo
1043 2567 1174 2645 perfugio
1183 2567 1280 2647 'supe-

289 2663 365 2721 riore
378 2680 454 2719 anno
466 2660 581 2718 fuerant
593 2661 648 2731 nsi,
660 2680 760 2719 omnes
773 2661 834 2720 fere
853 2663 883 2719 in
897 2672 1067 2738 potestatem
1079 2663 1200 2724 Labieni
1214 2684 1280 2742 per·

291 2766 439 2817 venerunt.
480 2757 523 2815 At
537 2755 573 2831 Q.
587 2756 718 2814 Titurius
731 2767 761 2815 et
772 2757 807 2815 L.
820 2756 905 2817 Cotta
915 2759 1071 2835 legatiqui
1083 2760 1112 2818 in
1127 2760 1280 2838 Menapio-

250 2868 356 2917 sorum
369 2855 441 2912 fines
461 2853 589 2930 legiones
609 2853 761 2925 duxerant,
781 2855 912 2912 omnibus
934 2874 1033 2913 eorum
1054 2856 1132 2932 agris
1151 2859 1279 2930 vastatis,

290 2949 439 3009 frumentis
453 2950 578 3022 succisis,
592 2950 731 3009 aedificiis
746 2950 878 3023 incensis,
892 2951 967 3026 quod
988 2951 1120 3028 Menapii
1133 2972 1164 3011 se
1178 2972 1279 3014 omnes

290 3048 320 3106 in
334 3046 518 3105 densissimas
531 3046 620 3105 silvas
633 3048 812 3119 abdiderant,
826 3066 857 3107 se
876 3048 913 3105 ad
929 3044 1083 3106 Caesarem
1097 3059 1278 3125 receperunt.

291 3142 400 3204 Caesar
420 3143 451 3201 iu
472 3142 571 3219 Belgis
584 3144 712 3202 omnium
731 3144 877 3221 legionum
890 3144 1013 3203 hiberna
1026 3144 1178 3202 constituit
1218 3143 1279 3205 8Εο

291 3242 366 3300 duae
384 3249 500 3299 omnino
519 3239 651 3298 civitates
670 3258 709 3298 ex
730 3239 882 3299 BritannIa
900 3240 1015 3299 obsides
1035 3239 1191 3297 miserunt:
1211 3242 1280 3301 rell·

250 3352 365 3415 adquae
378 3338 577 3414 neglexerunt.
618 3336 675 3395 His
688 3337 776 3395 rebus
789 3338 886 3414 gestis,
900 3356 939 3395 ex
958 3336 1049 3395 literis
1071 3333 1204 3395 Caesaris
1219 3338 1279 3398 die·

290 3454 356 3493 rum
370 3433 472 3509 viginti
486 3433 656 3510 supplicatio
669 3452 688 3491 a
700 3442 803 3492 senatu
816 3433 932 3493 decreta
945 3441 998 3493 est.

281 3606 501 3661 K.-XXXVI.
533 3610 624 3666 ’88,8.

281 3687 424 3737 xxxvn.
456 3684 787 3749 mosas-*auant

282 3764 584 3822 ΔΛΕ-ΗΜ.
615 3765 784 3826 ⁸2⁰5,B.ll.

281 3846 425 3899 XXXVII.
458 3844 688 3908 'lib-⁸252&
