2934 4692
592 395 771 439 merom
791 394 975 441 clauom.

525 650 800 715 EPISTOLA
838 652 1032 713 XXXV!i

479 810 546 876 (So.
557 810 655 862 Romse
666 812 737 861 initio
749 810 867 872 Quintilis
879 810 913 862 Δ.
925 812 958 864 U.
970 811 999 864 0.
1010 814 1077 879 711.)

430 938 635 993 nuens.
668 938 893 991 Antoniis&
924 940 1126 993 sumsisse.

500 1066 572 1120 Coss.
585 1066 615 1121 0.
631 1066 738 1119 Vrsros
754 1067 856 1129 Putes,
872 1067 906 1120 A.
924 1066 1059 1121 Hrnrrus.

293 1212 385 1265 xm
401 1214 461 1265 Kri.
478 1214 561 1267 biuios
576 1214 702 1267 Antonius
719 1215 813 1281 proelio
824 1216 858 1265 sd
873 1214 999 1267 Mutinam
1010 1223 1142 1281 sepontus
1152 1224 1201 1279 est,
1211 1216 1296 1283 inquo

262 1294 325 1345 ulter
334 1309 384 1345 eos.
416 1294 513 1345 Hirtius
530 1294 624 1355 eeoidit,
636 1294 698 1343 aiter
713 1294 798 1344 Psnss
808 1294 952 1345 ruluerstus
963 1304 1000 1345 est
1010 1304 1035 1345 et
1045 1298 1132 1360 poueis
1143 1305 1204 1362 post
1213 1296 1295 1347 diebus

262 1374 391 1425 Bononise
407 1382 527 1424 mortuus.
561 1372 639 1423 Isseto
656 1384 740 1423 sutem
756 1375 844 1424 nuntio
861 1375 892 1424 de
908 1375 1012 1425 vietor-is
1027 1374 1167 1425 Mutinensi
1189 1364 1295 1426 Βοιὼ

262 1454 347 1517 disto,
357 1453 444 1505 Ciues-o
455 1454 486 1504 sb
494 1454 588 1518 ingenti
598 1452 764 1514 multitudino,
773 1454 887 1503 maximo
898 1454 996 1521 pisusu,
1003 1455 1030 1504 iu
1038 1454 1193 1519 Capitolium
1201 1455 1293 1514 duotsn,

262 1536 288 1584 in
300 1534 384 1585 rostris
395 1534 538 1594 oolloestus,
549 1534 606 1583 inde
617 1533 721 1582 domum
738 1532 854 1582 reduetus
863 1542 908 1583 est
940 1534 990 1583 IV.
1001 1534 1059 1585 ΚΔ.
1069 1534 1128 1585 Jnn.
1139 1534 1169 1585 M
1187 1534 1294 1598 lapid·

262 1628 289 1664 se
300 1630 358 1663 eum
368 1611 489 1675 Antonio,
501 1620 558 1678 post
573 1612 694 1677 proelium
706 1612 849 1662 Mutinense
860 1613 939 1679 Alpes
950 1621 1111 1679 trsmgresso,
1123 1615 1263 1679 conjunxit,
1271 1624 1294 1663 st

262 1694 324 1760 prid.
336 1694 392 1745 Ksi.
404 1694 489 1755 Quint
500 1694 577 1745 hostis
590 1692 715 1757 judiostus
726 1700 771 1741 est
804 1693 895 1743 Puullo
907 1702 963 1759 post
974 1694 1067 1746 Csessr
1078 1694 1232 1745 Octavianus
1243 1710 1293 1744 oss

262 1790 317 1827 som
327 1775 486 1840 optimatium
501 1774 614 1834 deseruit,
627 1775 818 1838 Antoniumque
829 1781 855 1823 et
864 1774 989 1838 Lepidum
998 1776 1024 1824 in
1042 1775 1143 1825 Italiam
1154 1776 1293 1835 umessirit3

262 1863 355 1905 etcum
366 1854 444 1905 Pedio
454 1854 542 1904 eousni
558 1860 652 1903 orestus
668 1852 701 1902 X.
718 1853 777 1902 ΚΛ
789 1854 845 1904 Oet
857 1854 1015 1904 consulatum
1025 1856 1093 1905 sdiit
1125 1854 1226 1905 Deinde
1236 1868 1293 1919 pune

262 1934 329 1986 iuotu
338 1936 403 1987 inter
413 1932 544 1987 Caesarem
557 1932 731 1997 Oetsviunum,
743 1933 884 1985 Antonium
894 1943 920 1984 et
930 1934 1061 1999 Lepidum,
1070 1936 1137 1999 apud
1146 1934 1293 1985 eontinentes

262 2016 326 2065 inter
340 2014 470 2065 Perusiam
484 2022 510 2065 et
524 2014 667 2065 Bononiam
683 2029 836 2080 eougrsssos,
854 2016 978 2076 eonvenit,
998 2024 1027 2091 pt
1047 2016 1096 2079 ipsi
1116 2016 1241 2066 triumviri
1261 2016 1295 2067 ω’

262 2096 330 2163 pubi.
341 2098 527 2147 constituendos
542 2112 586 2161 per
596 2097 794 2161 quinquennium
809 2105 898 2156 meent,
908 2104 934 2145 et
948 2104 977 2145 ut
991 2110 1051 2147 suos
1063 2097 1168 2175 quisque
1182 2097 1294 2147 inimieos

262 2177 430 2242 proscriberet
462 2176 551 2241 Itaque
562 2174 688 2227 Antonius
700 2177 726 2225 in
739 2175 892 2237 Cieeronem,
899 2176 942 2240 qui
950 2176 1010 2225 urbe
1018 2172 1102 2225 relict'u
1110 2177 1230 2225 Assum
1239 2191 1294 2226 eoo·

261 2256 366 2322 ingeret,
380 2272 535 2323 percussores
549 2258 652 2307 immisit
667 2257 821 2306 Herennium
830 2258 997 2306 oentnrionem
1011 2264 1037 2305 et
1046 2256 1083 2305 Μ.
1094 2256 1224 2321 Popilium
1236 2254 1293 2306 iae

262 2346 354 2399 nutem,
371 2353 387 2387 s
402 2336 492 2403 quibus
506 2336 568 2387 vn.
586 2336 624 2387 ld.
641 2335 794 2384 Deoembres
810 2334 950 2386 mterieotus
964 2344 1009 2387 est

470 2481 515 2540 Μ.
535 2480 572 2539 Τ.
595 2478 722 2541 crosno
745 2478 780 2539 0.
803 2478 921 2540 Onssro
944 2479 975 2542 S.
996 2481 1034 2539 P.
1055 2481 1094 2539 D.

344 2610 371 2667 1.
393 2608 530 2686 Lepidus,
540 2604 616 2666 ¹tuos
627 2607 728 2679 affinis,
738 2626 821 2666 meus
834 2605 992 2681 familiaris,
1002 2608 1096 2685 psidie
1108 2601 1177 2668 Rei.
1188 2607 1293 2684 Quine-

302 2703 368 2763 tiles
388 2704 535 2763 sententiis
554 2704 686 2762 omnibus
706 2703 796 2761 bostis
816 2721 836 2761 s
855 2712 955 2762 senetu
971 2702 1116 2779 judimtns
1130 2714 1182 2775 est,
1195 2707 1293 2764 esteri-

302 2816 368 2877 que,
381 2801 431 2877 qni
450 2820 509 2859 uno
522 2819 587 2859 eum
601 2800 650 2857 illo
663 2818 682 2858 a
694 2818 727 2858 re
748 2799 864 2876 pubiiou
877 2798 1059 2867 defeoemnt3
1079 2802 1185 2875 quibus
1198 2811 1293 2860 mmm

302 2897 340 2955 od
353 2898 504 2955 sanitatem
522 2895 661 2955 redeundi
675 2898 743 2954 ante
757 2894 825 2953 Καὶ
840 2894 1001 2971 Septembr.
1015 2906 1141 2971 potestne
1153 2897 1232 2956 ban
1243 2906 1292 2957 at

276 2992 400 3054 uFortis
428 3011 497 3051 sane
517 3002 641 3065 senatus,
655 2992 707 3050 sed
727 2991 855 3050 maxime
875 3010 927 3069 spe
947 2992 1066 3050 subsidii
1085 2994 1136 3049 tui.
1178 2992 1293 3052 Bellum

301 3090 428 3166 quidem,
442 3110 531 3166 quum
551 3090 623 3149 hsee
637 3090 806 3160 scribebam,
820 3106 889 3147 saue
907 3106 1044 3165 magnum
1058 3099 1121 3147 erat
1132 3086 1252 3149 'sceiere
1265 3100 1293 3149 et

300 3188 421 3246 levitate
440 3186 551 3264 Lepidi.
592 3186 654 3245 Nos
675 3186 711 3244 de
733 3184 887 3243 Delsbelis
900 3183 1036 3259 quotidie,
1049 3180 1136 3260 'quoe
1153 3186 1293 3259 volumus,

300 3284 453 3353 &rdinum
473 3284 524 3343 sed
536 3284 631 3342 edboo
643 3283 707 3341 sine
720 3282 824 3359 eapite,
838 3282 901 3340 sine
914 3290 1038 3351 anctore,
1055 3300 1172 3340 rumore
1186 3282 1292 3341 nuntio.

301 3379 329 3437 2.
352 3378 437 3453 Quod
451 3398 540 3455 quum
553 3379 595 3438 ita
608 3388 691 3451 esset,
705 3388 803 3437 tumen
816 3376 920 3435 litteris
934 3377 1000 3447 tuis,
1010 3394 1083 3453 quus
1097 3376 1191 3435 Nonis
1205 3376 1293 3437 Maiis

262 3487 340 3535 loen
361 3476 461 3534 eastris
481 3476 562 3534 detes
583 3493 795 3551 eooepersmus,
809 3475 850 3532 its
870 3492 1040 3551 persus-eum
1056 3483 1118 3532 erst
1131 3474 1251 3547 civitem
1263 3486 1294 3533 ut

299 3572 382 3631 illum
391 3571 453 3647 jam
467 3588 636 3649 oppressum
647 3588 747 3629 omnes
757 3570 973 3643 arbitrarentur,
983 3579 1012 3627 te
1023 3579 1122 3628 sutem
1135 3571 1166 3628 iu
1178 3570 1292 3630 Italion

300 3668 400 3727 venire
414 3688 480 3727 oum
494 3667 623 3727 exercitu
638 3688 646 3733 ς
667 3675 705 3737 ut,
720 3666 745 3724 si
758 3666 831 3724 bueo
844 3684 884 3723 ex
897 3666 1041 3724 sententis
1051 3666 1182 3725 oonfeots
1191 3678 1294 3737 essent,

300 3766 419 3824 oonsilio
432 3773 519 3841 etque
532 3764 700 3822 auctoritate
714 3772 783 3829 tus3
803 3762 849 3821 sin
863 3761 933 3837 quid
952 3759 1027 3821 forte
1040 3762 1204 3833 timbotum,
1217 3772 1251 3821 ut
1261 3763 1293 3821 tt

300 3862 330 3919 iu
348 3862 432 3933 bello,
446 3860 575 3919 exereitu
595 3868 645 3917 tuo
664 3859 830 3916 niteremur.
873 3856 968 3931 Quem
981 3857 1100 3933 quidem
1113 3877 1169 3935 ego
1182 3859 1292 3917 exerei-

634 4012 653 4052 *
668 4011 712 4062 Ad
725 4011 797 4062 Fum.
808 4010 870 4063 m
883 4016 922 4061 10.
