2934 4692
548 435 577 479 C·
599 434 744 479 Culum

349 642 351 647 ⁵
409 688 680 753 nemroun
719 689 883 751 xvrn·

454 865 519 931 (eor.
531 866 627 917 nomae
638 866 671 917 n
683 864 715 918 u.
729 865 760 918 c.
772 866 837 933 ror.)

323 993 404 1047 Ml.
417 994 445 1047 (¹.
458 995 511 1045 701.
542 993 612 1044 Ante
623 992 696 1045 CN.
709 998 748 1044 ts
779 993 966 1047 AnnicieM.

216 1120 289 1177 coru.
307 1121 357 1175 Cr.
372 1122 520 1173 Dourrrus
538 1120 690 1181 Genusus,
706 1120 744 1171 Μ.
760 1120 908 1174 Vmerus
924 1122 1065 1175 lissum

159 1284 193 1335 Hi
202 1283 318 1335 eonsules
329 1299 381 1335 uon
397 1282 455 1333 Καὶ.
472 1282 598 1333 Jeuueriis
609 1282 783 1347 magistratum
793 1282 907 1344 inierunt,
918 1285 962 1335 sed
971 1292 1030 1351 post
1038 1286 1112 1351 pluro
1120 1285 1157 1334 iu-

131 1372 235 1429 turegna
245 1380 333 1415 mense
344 1363 428 1429 Aprili
439 1364 540 1416 demum
551 1363 626 1415 creat
637 1372 704 1416 eunt.

160 1444 251 1507 Cicero,
263 1454 398 1510 postquem
415 1444 451 1495 M.
464 1443 577 1506 Crassus,
589 1443 700 1493 exercitu
710 1457 727 1493 e
736 1442 834 1494 Peribis
845 1444 933 1507 deleto,
944 1445 1055 1511 perierat,
1067 1446 1094 1495 iu
1103 1446 1155 1511 eju·

132 1524 207 1575 locum
216 1541 292 1591 eupur
301 1525 383 1577 sectus
393 1534 439 1575 eet.

347 1688 392 1747 M.
411 1688 448 1748 T.
471 1686 596 1749 Crcnno
619 1684 652 1747 O.
673 1682 827 1747 'ermom
848 1686 878 1747 S.
900 1686 937 1745 D.

169 1819 193 1874 l.
211 1816 415 1895 Epistolerum
435 1836 543 1895 genere
556 1816 647 1875 multe
661 1834 724 1875 esse
737 1834 796 1874 non
809 1815 944 1892 ignorem
962 1816 1014 1875 set
1026 1834 1118 1875 unum

132 1911 414 1985 illud¹eertissimum,
422 1913 503 1989 enjus
512 1932 599 1971 causa
608 1913 728 1971 invente
741 1930 788 1971 res
800 1913 863 1988 ipso
876 1920 928 1983 est,
936 1921 968 1970 nt
980 1914 1117 1972 certiores

133 2008 282 2069 luceremus
307 2011 448 2082 absentes,
462 2010 487 2068 si
507 2010 576 2085 quid
596 2018 681 2081 esset,
695 2008 773 2084 quod
793 2026 842 2067 eos
862 2008 936 2067 scire
949 2016 999 2067 aut
1010 2005 1118 2069 ⁸rrostro

133 2114 176 2163 eut
189 2106 318 2183 ipsorum
331 2106 488 2165 interesset.
531 2104 628 2180 Hujus
642 2106 758 2183 generis
770 2104 881 2162 litteras
894 2124 913 2163 a
925 2123 973 2162 me
991 2105 1118 2181 profecto

133 2218 184 2259 non
204 2211 365 2280 exspectas.
406 2201 537 2261 Tuerum
559 2203 637 2262 enim
658 2219 757 2261 rerum
783 2200 953 2259 domesticos
977 2201 1066 2259 hebes
1089 2210 1118 2259 et
1141 2216 1156 2263 t

134 2297 274 2375 scriptores
289 2306 323 2357 et
334 2300 468 2367 nuntios3
488 2300 518 2355 in
532 2299 605 2357 meis
618 2308 715 2356 nutem
729 2298 816 2356 rebus
825 2295 898 2353 nihil
908 2306 953 2355 est
961 2314 1031 2355 sons
1040 2298 1116 2355 novi.

136 2390 249 2471 Reliqua
262 2405 333 2453 sunt
352 2395 537 2471 epistolarum
557 2414 665 2473 genera
683 2394 750 2465 duo,
764 2412 839 2469 quae
853 2412 900 2451 me
913 2412 1018 2471 magno
1031 2414 1118 2471 opere

135 2488 284 2548 delectant:
309 2508 398 2548 unum
421 2488 570 2550 familiare
587 2498 616 2549 et
632 2488 772 2566 jocosum,
793 2490 915 2547 alterum
936 2509 1070 2549 severum
1090 2500 1120 2549 et

136 2602 222 2659 greve
261 2584 341 2647 Utro
362 2605 409 2645 me
430 2587 525 2645 minus
547 2587 648 2647 deceat
668 2588 719 2659 uti,
739 2607 797 2645 non
816 2587 954 2665 intelligo.
994 2588 1118 2649 Jocerne

136 2690 220 2741 tecum
242 2702 300 2761 per
322 2681 454 2743 litteras?
496 2682 598 2743 Civem
620 2684 785 2743 mehercule
809 2703 867 2743 nou
890 2693 960 2761 puto
979 2702 1051 2756 esse,
1069 2686 1119 2759 qui
1129 2696 1160 2745 1⁰

136 2772 316 2855 ‘temporibus
335 2780 380 2837 his
400 2780 494 2838 ridere
514 2781 611 2855 possit.
652 2780 703 2838 An
718 2782 835 2857 gravius
849 2781 959 2857 aliquid
974 2778 1120 2840 scribam?

139 2870 208 2947 Quid
220 2884 270 2947 est,
284 2876 363 2951 quod
377 2876 466 2953 possit
480 2876 608 2952 graviter
621 2895 640 2934 a
652 2874 792 2935 Cicerone
807 2878 892 2936 scribi
906 2879 944 2937 nd
957 2876 1119 2951 Curionem,

138 2970 185 3026 nisi
197 2971 230 3029 de
243 2990 274 3030 re
290 2969 429 3048 publiea?
470 2971 569 3047 Atque
582 2973 613 3029 in
627 2972 682 3031 hoe
694 2992 803 3049 genere
813 2974 886 3034 haec
895 2995 961 3034 men
971 2984 1120 3048 causaest,

138 3072 166 3121 ut
175 3063 276 3142 ⁸neque
290 3086 336 3137 eu,
349 3086 424 3143 quae
438 3068 536 3138 sentio,
550 3086 604 3125 nec
617 3088 694 3145 quae
707 3089 765 3129 uon
779 3072 871 3131 sentio
884 3072 973 3130 velim
986 3074 1118 3130 seribere.

140 3159 162 3215 2.
182 3160 382 3237 Quamobrem,
396 3164 531 3241 quoniam
551 3164 622 3223 mihi
636 3166 747 3225 nullum
761 3169 904 3227 scribendi
918 3176 1119 3247 argumentum
1130 3181 1159 3227 15

139 3256 258 3316 relictum
278 3266 332 3331 est,
350 3268 416 3317 uter
437 3278 473 3317 ee
494 3259 631 3331 clausule,
646 3281 704 3338 qun
727 3264 813 3335 soleo,
827 3273 913 3341 teque
937 3266 975 3324 ud
995 3264 1120 3323 studium
1220 3276 1225 3283 ’

139 3370 256 3415 summae
274 3357 371 3415 leudis
391 3358 567 3417 cohortabor.
609 3360 665 3420 Est
678 3364 756 3423 enim
769 3366 821 3423 tibi
833 3361 941 3443 ‘gravis
955 3364 1121 3423 adversarie

140 3452 280 3511 constituto
298 3460 328 3511 et
347 3463 456 3530 perata,
472 3456 646 3517 incredibilis
660 3442 800 3535 quaedam
817 3462 1012 3537 exspecteti03
1033 3479 1121 3536 quam

141 3552 167 3601 tu
186 3565 239 3607 une
257 3568 291 3608 re
311 3548 449 3609 facillime
461 3546 592 3625 'vinces‘
604 3554 628 3611 si
642 3556 696 3613 hoc
710 3558 852 3627 statueris,
866 3577 989 3634 querum
1002 3557 1120 3615 laudum

141 3638 249 3715 gloriam
270 3646 422 3716 ademeris,
437 3648 541 3724 quibus
561 3650 671 3709 artibus
685 3670 739 3709 eae
752 3653 852 3712 landes
865 3664 1075 3732 comparentur,
1089 3654 1118 3711 in
1127 3666 1160 3714 2⁰

142 3734 171 3793 iis
189 3756 248 3797 esse
268 3742 483 3801 elaborandum.
523 3743 559 3802 In
580 3745 655 3804 hane
675 3749 846 3806 sententiam
860 3750 1013 3809 scriberem
1028 3752 1120 3829 plura,

169 3904 185 3943 θ
199 3905 240 3959 llo
249 3908 321 3961 hm.
332 3910 368 3961 11.
380 3916 403 3961 4.

170 3983 257 4038 Emer.
272 3989 362 4040 xvll.
395 3990 478 4041 'Dist
495 3992 543 4043 bet.
561 3990 626 4043 virm
642 3993 693 4045 und
708 4011 806 4064 eriperer
820 3996 1080 4058 monesterium
1095 3998 1161 4049 vim

145 4066 301 4134 rmopprtm.
335 4068 404 4121 un.
416 4073 439 4120 ⁷.
