2934 4692
267 417 328 477 290
596 435 774 479 arrerouan
796 433 979 481 cronacum.

307 595 507 670 auepirmsent,
530 603 630 671 postea
648 593 712 671 jam
733 615 859 672 gemere,
882 595 920 657 ad
941 606 1105 656 extremum
1127 617 1195 658 vero
1219 597 1301 676 loqui

307 709 407 749 omnes
419 700 450 749 et
462 692 589 750 clamare
607 703 772 767 coeperunt
812 693 840 751 8.
861 693 965 768 Itaque
985 693 1034 751 ille
1053 689 1171 753 ⁸amicus
1191 705 1301 766 noster,

307 787 432 845 incolens
453 785 597 857 infamiae,
619 805 735 863 semper
755 785 796 846 'in
819 788 905 847 laude
932 799 1071 860 remotus,
1098 789 1301 848 circumfluens

307 883 408 958 gloria,
421 878 617 940 l‘deformatus
638 900 766 958 corpore,
788 883 897 942 fractus
921 885 1025 954 animo,
1039 905 1096 960 quo
1117 905 1149 944 se
1171 886 1301 944 conferat
1412 872 1418 891 ¹

280 991 297 1039 b
306 979 412 1037 nescit:
423 975 626 1055 llprogressum
634 979 830 1055 praecipitem,
839 980 1046 1038 inconstantem
1053 977 1196 1039 1⁸reditum
1203 981 1299 1040 videt:

306 1076 396 1133 bonos
416 1074 545 1134 immicos
565 1074 661 1146 habet,
681 1075 826 1151 improbos
847 1076 923 1152 ipsos
943 1095 1000 1134 non
1013 1077 1129 1136 amicos.
1155 1076 1216 1136 ‘Ac
1230 1077 1299 1136 vide

306 1170 456 1229 mollitiem
465 1166 582 1228 l‘enimi
622 1169 691 1227 Non
703 1172 782 1228 tenui
793 1172 933 1242 lacrimas,
944 1191 1034 1248 quum
1044 1172 1125 1229 illum
1135 1191 1160 1230 a
1170 1173 1196 1230 d.
1206 1171 1297 1230 VIII.

307 1264 377 1323 Kal.
398 1264 480 1325 Sext.
495 1265 554 1322 vidi
575 1265 612 1322 de
633 1264 732 1324 edictis
755 1265 854 1325 Bibuli
873 1267 1091 1326 contionantem.
1134 1267 1190 1343 Qui
1211 1279 1298 1328 antee

307 1362 407 1420 colitur
427 1371 503 1422 esset
517 1359 630 1439 jactare
650 1363 982 1440 ee'magnificentissime
996 1365 1046 1424 illo
1059 1365 1087 1422 in
1101 1365 1171 1436 loco,
1186 1384 1298 1424 summo

269 1469 373 1520 locum
393 1477 491 1518 amore
511 1457 618 1535 populi,
631 1458 741 1517 cunctis
755 1456 925 1531 faventibus,
940 1469 972 1518 ut
985 1459 1034 1518 ille
1048 1471 1108 1518 tum
1129 1461 1252 1532 humilis,
1264 1471 1298 1520 ιιι

306 1555 447 1614 demissus
466 1563 538 1626 erat,
558 1563 591 1613 ut
609 1554 674 1630 ipae
693 1555 780 1613 etiam
796 1555 859 1626 sibi,
872 1575 927 1614 noo
942 1556 978 1613 iis
992 1557 1092 1628 solum,
1105 1557 1156 1630 qui
1170 1557 1297 1627 aderant,

306 1649 491 1727 displicebatl
532 1653 560 1707 4.
580 1648 816 1726 Orpectaculum
831 1653 881 1709 uui
901 1649 1027 1710 ¹⁴Crasso
1042 1650 1211 1726 jucundum,
1225 1663 1297 1710 cete·

306 1748 347 1808 ris
361 1767 418 1807 nou
436 1746 524 1806 item!
552 1766 628 1818 nam,
641 1744 732 1823 ”quia
751 1747 898 1806 deciderat
918 1767 956 1806 ex
980 1750 1073 1819 astris,
1093 1747 1190 1825 lapsus
1211 1767 1296 1824 quam

307 1863 475 1921 progressus
489 1844 582 1920 potius
595 1844 766 1912 videbatur3
788 1853 825 1916 et,
839 1854 871 1901 ut
885 1843 1014 1920 Apelles,
1024 1845 1049 1903 si
1062 1840 1240 1916 18Venerem¹
1250 1853 1298 1906 aut

269 1942 333 2004 lori
355 1940 534 2017 Protogenes
557 1940 688 2018 Ialysum
712 1940 794 1998 illum
818 1960 901 2000 cuum
924 1959 1011 2000 coeno
1035 1941 1153 2000 oblitum
1177 1942 1298 2012 videret,

306 2056 453 2114 magnum,
472 2037 566 2108 credo,
585 2037 729 2112 acciperet
749 2037 883 2108 dolorem,
897 2037 939 2095 sic
959 2056 1013 2112 ego
1033 2038 1109 2095 bunc
1129 2039 1300 2096 omnibusa

306 2152 353 2192 me
374 2135 481 2210 pictum
502 2142 531 2190 et
551 2133 670 2210 politum
690 2133 761 2190 ertia
775 2133 917 2191 coloribus
931 2135 1025 2191 cubito
1038 2133 1229 2191 deformatum
1243 2153 1299 2192 non

306 2231 370 2288 aine
389 2248 495 2306 magno
514 2230 613 2287 dolore
626 2229 696 2286 vidi.
741 2228 923 2304 Quamquam
937 2247 1021 2288 nemo
1035 2231 1161 2306 putabat,
1183 2243 1300 2308 propter

309 2325 480 2386 Clodianum
490 2326 646 2403 negotium,
654 2325 884 2384 meillicmicum
894 2345 955 2386 esse
964 2326 1083 2394 debere;
1097 2339 1195 2384 tamen
1205 2337 1299 2386 tantus

266 2421 363 2485 aufuit
373 2442 462 2492 amor,
472 2432 504 2481 ut
518 2422 666 2480 exhauriri
680 2423 760 2479 nulla
771 2431 866 2498 posset
876 2421 989 2498 injuria
1029 2422 1134 2498 Itaque
1144 2419 1299 2482 1²Archilo-

306 2519 372 2578 ebia
384 2519 415 2576 in
429 2517 509 2576 illum
524 2518 617 2576 edicta
631 2516 730 2576 Bibuli
744 2518 849 2594 populo
862 2518 904 2576 ita
917 2527 982 2576 eunt
991 2516 1127 2593 jucunda
1137 2528 1170 2577 ut
1180 2538 1249 2578 cum
1262 2520 1300 2579 lc-

306 2633 381 2685 mm,
402 2615 452 2672 nbi
476 2623 683 2690 proponuntur,
704 2631 776 2690 prae
798 2613 979 2673 multitudine
998 2633 1105 2685 eorum,
1119 2615 1169 2690 qui
1192 2616 1299 2692 legunt,

307 2712 428 2770 naurire
437 2728 596 2785 nequeam:
616 2710 670 2785 ipei
679 2710 719 2767 ita
728 2710 840 2780 acerba,
849 2710 1015 2768 uttabeecat
1026 2709 1139 2768 dolore:
1159 2712 1230 2768 mibi
1242 2729 1299 2769 me·

306 2807 425 2866 bereulc
433 2804 560 2877 molesta,
568 2806 646 2884 quod
654 2814 683 2864 et
691 2823 767 2877 eum,
776 2823 861 2880 quem
871 2825 986 2882 semper
993 2805 1091 2877 dilexi,
1100 2807 1186 2864 nlmis
1197 2826 1300 2865 excru-

266 2915 299 2965 ιιι
307 2904 392 2975 ciant,
398 2911 428 2962 at
435 2906 531 2975 timeo,
540 2911 599 2960 tam
608 2903 764 2961 vehemens
773 2902 819 2958 vir
826 2911 942 2976 tamque
953 2921 1021 2960 acer
1029 2903 1057 2958 in
1066 2901 1143 2961 ferro
1152 2913 1180 2960 et
1191 2913 1250 2961 tam
1259 2905 1300 2960 in·

306 3009 405 3058 suetus
419 2997 616 3069 contumeliae,
628 3016 667 3055 ne
680 2997 759 3055 omni
773 2996 862 3054 animi
873 2997 980 3073 impetu
992 2997 1081 3055 dolori
1093 3008 1123 3055 et
1133 2999 1299 3058 iracundiae

306 3105 415 3173 pareat
456 3095 483 3153 δ.
509 3095 608 3153 Bibuli
629 3094 680 3169 qui
701 3093 738 3150 ait
759 3093 853 3150 exitus
873 3091 996 3162 futurus,
1015 3093 1119 3151 nescio.
1161 3093 1204 3153 Ut
1224 3113 1300 3154 nunc

305 3212 353 3252 ree
375 3211 407 3252 ee
426 3193 522 3264 babet,
535 3190 697 3250 admirabili
718 3188 810 3266 gloria
830 3195 883 3246 est.
925 3187 1003 3262 Quin
1023 3207 1113 3264 quum
1133 3191 1251 3248 comitia
1270 3191 1299 3248 in

305 3313 435 3353 mensem
453 3292 608 3353 Octobrem
621 3290 787 3359 distulisset,
798 3285 875 3362 quod
889 3285 959 3343 solet
973 3303 1008 3346 ee
1021 3303 1067 3342 res
1081 3285 1180 3361 populi
1200 3287 1300 3344 volun-

266 3399 396 3450 rotatem
416 3388 569 3459 offendere,
590 3395 706 3465 putarat
727 3383 836 3444 Caesar
857 3381 985 3439 oratioue
1007 3399 1060 3438 sua
1085 3401 1170 3458 posse
1191 3383 1298 3458 impelli

306 3493 475 3562 contionem,
488 3498 521 3547 nt
540 3490 595 3547 iret
613 3485 672 3547 ”ad
693 3486 850 3546 Bibulum:
871 3481 962 3538 multa
976 3497 1064 3553 quum
1085 3478 1299 3538 seditiosiseime

305 3588 422 3659 diceret,
435 3605 536 3647 vocem
550 3587 713 3666 exprimere
723 3603 780 3643 non
796 3579 895 3660 potuit
938 3575 1016 3650 Quid
1028 3573 1166 3649 quaerit?
1206 3573 1299 3635 '’Sen-

305 3687 382 3745 tiunt
396 3705 426 3746 re
440 3687 548 3746 nullam
563 3687 648 3746 ullius
667 3687 757 3764 pertis
771 3683 948 3742 voluntatem
967 3687 1084 3741 tanere3
1104 3691 1140 3730 eo
1153 3675 1245 3749 magis
1257 3673 1298 3730 via

305 3785 389 3842 nobis
403 3793 446 3842 est
459 3783 593 3842 timenda
637 3783 663 3840 6.
686 3779 803 3841 Clodius
818 3777 950 3836 inimicus
962 3783 1005 3832 est
1015 3773 1104 3832 nobie.
1140 3767 1297 3844 Pompeius

266 3881 456 3941 ecconfirmet
469 3876 556 3938 ”aum
569 3879 641 3936 nibil
654 3895 717 3936 esse
731 3874 874 3933 facturum
888 3879 988 3930 contra
1001 3887 1056 3928 me.
1096 3865 1174 3924 Mihi
1189 3863 1296 3942 pericu·

306 3978 397 4037 losum
418 3985 463 4036 eat
482 3977 618 4036 credere:
639 3973 677 4033 ed
695 3969 887 4030 resistendum
908 3985 954 4025 me
974 3985 1053 4044 pam.
1097 3963 1201 4026 Studia
1216 3979 1296 4038 sporo

297 4111 391 4162 Error.
404 4109 437 4161 V.
463 4109 546 4160 ‘Duc
554 4099 1180 4171 bermo,proeetb‚nmpatm,mux,mdemco.
1199 4099 1292 4149 v.n.r.
