2934 4692
266 415 326 478 282
593 431 771 476 arrarouar
793 431 974 476 orcaaorus.

305 610 358 650 noa
368 590 444 651 inter
452 609 504 651 nos
512 590 697 650 oonoiiiatura
707 589 949 668 oonjunoturaque
958 592 1003 650 sit.
1024 589 1053 649 3.
1063 589 1117 664 Aa,
1127 609 1163 650 na
1172 591 1313 670 ignores,

306 684 376 764 quid
388 706 442 764 ego
456 688 486 744 in
499 687 555 745 tuis
571 687 673 744 litteris
685 682 904 758 ¹⁴desiderarim,
918 687 1040 746 scribam
1059 697 1165 763 aperte,
1177 689 1264 747 sieut
1279 697 1314 747 et

306 802 373 842 mea
382 793 485 841 natura
495 791 525 841 ot
534 790 631 841 nostra
640 783 766 840 amicitia
779 783 911 858 postulat.
953 782 1012 842 Res
1026 780 1096 841 uaas
1110 784 1194 860 gessi,
1208 781 1314 862 ¹‘qua-

307 899 373 939 rum
391 880 518 955 aliquam
537 879 569 936 in
590 878 646 938 tuis
667 878 770 936 litteris
783 887 813 935 et
834 888 948 938 nostrae
969 879 1187 940 necessitudinis
1207 891 1237 940 et
1259 881 1312 940 rei

281 977 439 1055 dpublioae
460 994 548 1035 eausa
566 973 786 1052 gratulationem
808 976 993 1052 exspectavi;
1020 993 1108 1050 quam
1128 995 1181 1053 ego
1200 979 1256 1036 abs
1275 989 1312 1036 ta

308 1072 541 1151 praetermissam
562 1089 625 1129 essa
645 1071 778 1141 arbitror,
798 1070 875 1145 quod
894 1066 1059 1142 ¹'vererere
1074 1089 1110 1130 ne
1123 1069 1225 1146 1⁸eujus
1237 1073 1313 1130 ani-

266 1209 269 1213 ·
308 1189 389 1229 mum
408 1169 576 1228 offenderes.
618 1167 678 1228 Sed
691 1170 771 1240 scito,
786 1187 828 1238 ea,
843 1187 917 1245 quae
931 1165 1003 1228 l”nos
1017 1188 1070 1246 pro
1083 1169 1173 1228 salute
1186 1169 1312 1246 patriae

309 1265 458 1343 gessimus,
468 1265 651 1324 orbisterrae
660 1263 770 1339 judicio
781 1282 816 1323 ae
827 1265 987 1323 testimonio
998 1265 1182 1341 comprobari.
1206 1263 1312 1339 Quae,

309 1381 400 1439 quum
419 1362 543 1433 veneria,
564 1370 644 1420 tanto
664 1361 782 1421 oonsilio
804 1369 938 1436 tantaque
953 1361 1041 1420 animi
1061 1361 1261 1438 magnitudine
1290 1380 1313 1422 a

270 1468 302 1520 ιο
311 1477 358 1517 me
377 1466 459 1535 gesta
478 1475 542 1516 esse
561 1475 724 1534 eognosoes,
738 1466 770 1515 ut
789 1457 840 1515 tibi
854 1453 963 1515 ”multo
976 1455 1087 1532 majori,
1100 1475 1186 1531 quam
1199 1453 1312 1514 “Afri-

309 1573 399 1615 canus
412 1554 475 1624 suit,
488 1562 585 1612 tamen
599 1571 658 1612 non
671 1553 762 1612 muito
775 1554 915 1611 minorem
929 1570 1017 1627 quam
1032 1551 1164 1610 Laelium
1177 1549 1266 1609 iaoile
1277 1561 1312 1612 et

309 1651 341 1709 in
353 1669 388 1710 re
400 1649 517 1727 publiea
529 1648 602 1707 etin
615 1648 744 1707 amicitia
757 1647 923 1723 adjunctum
938 1665 1001 1706 essa
1014 1647 1134 1724 pauore.
1175 1644 1263 1705 Vale.

596 2041 868 2108 EPISTOLA
891 2044 974 2104 ΙΙ)

583 2220 648 2288 (θα,
664 2220 761 2272 nomae
777 2220 812 2272 a.
829 2220 863 2273 n.
882 2219 912 2273 e.
927 2220 994 2286 aaa.)

402 2399 446 2458 M
469 2397 593 2460 Cranno
613 2395 657 2459 ¹S.
678 2398 717 2457 1).
738 2395 784 2457 Ὀ.
806 2397 958 2456 Auroruo
979 2395 1024 2455 Μ.
1045 2396 1081 2455 F.
1101 2397 1174 2456 Iar.

355 2544 382 2600 1.
402 2541 468 2600 Etsi
481 2551 638 2601 statueram
652 2540 746 2598 nullas
760 2541 798 2599 ad
811 2549 840 2598 te
854 2541 964 2599 litteras
972 2541 1085 2600 mittere
1094 2541 1150 2599 nisi
1161 2559 1312 2601 commen-

313 2638 440 2708 daticias,
453 2637 524 2714 (non
537 2656 596 2713 quo
607 2633 668 2696 ⁸eas
681 2634 884 2713 ‘intelligerem
898 2637 967 2695 satis
981 2638 1057 2713 apud
1079 2645 1107 2696 te
1126 2639 1237 2708 valere,
1255 2639 1312 2697 sed

275 2747 307 2794 15
315 2752 352 2792 ne
371 2734 415 2804 iis,
428 2733 479 2808 qui
497 2729 556 2791 ‘me
575 2741 718 2809 rogarent,
732 2732 841 2807 aliquid
861 2732 897 2791 do
917 2742 1016 2790 nostra
1035 2731 1236 2807 conjunctione
1255 2735 1311 2791 im·

313 2829 455 2886 minutum
484 2847 547 2888 esse
575 2828 778 2907 ostenderem)
801 2838 907 2900 tamen,
930 2847 1019 2904 quum
1041 2826 1088 2886 ⁶⁴1¹.
1118 2829 1311 2906 Pomponius,

313 2927 400 2985 homo
412 2921 551 2984 'omnium
565 2943 696 2984 meorum
710 2926 741 2982 in
754 2935 784 2983 te
798 2925 956 2984 studiorum
967 2935 997 2984 et
1008 2925 1166 2984 officiomm
1177 2927 1309 2986 maxime

314 3022 451 3092 oonsoius,
464 3022 506 3079 tui
520 3021 648 3099 cupidus,
662 3022 753 3080 nostri
773 3021 993 3093 amantissimus,
1005 3018 1053 3080 ⁸ad
1067 3031 1096 3080 te
1114 3023 1310 3098 proficiscere·

313 3127 370 3189 tur,
383 3118 492 3194 aliquid
512 3119 583 3175 mihi
604 3118 788 3177 scribendum
807 3118 916 3194 putavi,
930 3119 1099 3195 praesertim
1112 3137 1203 3193 quum
1223 3119 1310 3178 aliter

274 3216 370 3293 aoipsi
390 3213 548 3291 Pomponio
569 3214 734 3274 satisfacere
754 3234 812 3273 non
832 3232 954 3291 possem.
996 3215 1023 3272 2.
1042 3211 1120 3291 ⁹Ego
1146 3215 1171 3273 si
1198 3217 1252 3273 abs
1278 3227 1309 3274 te

314 3331 427 3370 summa
453 3311 545 3370 officia
571 3311 741 3382 desiderem,
767 3311 872 3369 mirum
906 3311 1014 3368 nemini
1048 3311 1140 3368 videri
1174 3307 1310 3370 ¹⁰debeat.

314 3405 441 3469 ²1Omnia
454 3409 532 3466 enim
544 3425 564 3466 a
576 3426 623 3467 ma
636 3409 667 3466 in
681 3416 710 3466 te
724 3407 854 3485 profecta
867 3415 941 3480 aunt,
955 3425 1031 3483 quae
1044 3407 1080 3465 ad
1092 3415 1173 3465 tuum
1185 3427 1311 3466 eommo-

314 3504 393 3576 dum,
403 3523 477 3580 quae
491 3505 528 3563 ad
542 3504 688 3576 honorem,
698 3523 774 3580 quae
788 3505 826 3563 ad
839 3505 1007 3580 dignitatem
1020 3504 1206 3580 pertinerent.
1248 3504 1310 3563 Pro

313 3600 360 3658 his
380 3601 466 3658 rebus
487 3600 595 3658 nullam
614 3600 686 3658 mihi
705 3602 808 3658 abste
831 3600 952 3658 relatam
980 3619 1042 3658 esse
1066 3600 1198 3676 gratiam,
1220 3610 1253 3657 tu
1276 3617 1310 3658 aa

274 3707 307 3756 2⁶
315 3696 439 3773 optimus
458 3697 556 3754 testis:
575 3671 697 3755 1¹ooirtra
717 3697 805 3754 etiam
826 3715 889 3756 esse
910 3695 1019 3772 aliquid
1033 3696 1084 3754 abs
1099 3703 1128 3753 te
1149 3685 1310 3773 p'rofeotum

315 3811 354 3850 ex
367 3793 464 3850 multis
477 3792 583 3850 audivi.
625 3792 703 3850 Nam
715 3790 754 3827 ¹⁸⁶⁶
762 3793 955 3870 oomperissa”
969 3811 1016 3850 me
1029 3811 1086 3850 non
1100 3793 1194 3850 audeo
1205 3793 1309 3880 dicero,

314 3906 353 3946 ne
372 3887 446 3947 forte
465 3888 496 3945 id
516 3889 611 3964 ipsum
630 3889 754 3947 verbum
772 3886 907 3964 ¹⁴ponam,
921 3889 998 3964 quod
1011 3890 1064 3948 aba
1077 3897 1106 3946 ta
1120 3889 1203 3946 aiunt
1214 3885 1309 3946 ”falso

657 4057 676 4097 ³*
693 4057 737 4107 Ad
753 4057 824 4108 Fam.
841 4057 876 4109 V.
894 4061 917 4108 d.
