2934 4692
312 418 491 463 rnaanrmn
511 420 552 461 ur
572 418 758 465 rounrour
777 421 818 462 nr
830 416 1003 465 ‘cresaorm
1105 407 1165 467 298

137 582 223 645 nothi
234 591 340 654 essent,
353 578 398 638 1'si
411 580 541 639 obtinere
560 580 719 657 potuissent
730 602 738 649 ς
758 582 803 639 sin
816 582 853 640 ad
872 600 926 641 nos
938 576 1125 659 “pertineret

140 680 281 746 servirent,
296 684 499 753 praeterquam
513 676 618 751 oppido
631 676 724 751 pauci.
765 674 825 735 Sed
838 677 911 736 haec
924 679 1036 735 minora
1048 689 1123 737 suot

140 779 166 836 5.
185 778 228 835 Tu
246 772 347 852 ¹⁷qu0d
366 792 412 832 me
433 774 564 847 hortaris,
579 783 611 832 ut
631 776 728 833 animo
741 776 795 833 sim
807 795 914 853 magno
927 786 956 835 et
974 797 1055 854 spem
1075 780 1126 837 ha·

139 875 216 933 heum
238 871 445 947 reciperandae
467 870 575 943 salutis,
599 870 629 929 id
649 866 760 928 ”velim
781 872 818 929 sit
838 871 988 947 ejusmodi,
1002 883 1143 933 utrects·
1173 926 1176 930 .

138 988 247 1047 sperare
261 968 414 1045 possimus.
455 966 551 1038 Nune,
564 968 652 1026 miser
661 968 777 1043 quando
787 976 851 1027 tuas
860 968 922 1043 jam
933 971 1042 1029 litteras
1052 973 1126 1030 acci·
1149 986 1166 1033 t

138 1064 231 1144 piam?
250 1064 317 1141 quis
332 1065 370 1123 sd
383 1082 431 1123 me
445 1060 594 1140 perferet?
614 1082 686 1140 quas
701 1082 756 1141 ego
769 1075 981 1140 exspectassem
1002 1066 1127 1125 Brundi·

138 1163 177 1233 sii,
189 1162 211 1220 si
225 1168 303 1220 esset
315 1160 425 1220 licitum
440 1178 493 1236 per
502 1167 613 1231 nautas,
623 1160 674 1235 qui
684 1168 885 1236 tempestatem
898 1165 1126 1238 praetermittere

138 1259 289 1318 noluerunt.
338 1257 423 1332 Quod
437 1257 581 1332 reliquum
595 1264 647 1327 est,
661 1265 792 1315 sustenta
803 1265 842 1329 te,
855 1276 922 1315 mea
935 1258 1081 1332 Terentia,
1094 1269 1127 1319 ut

138 1364 219 1432 potes,
237 1353 449 1411 honestissime.
486 1351 648 1419 ·Viximus;
674 1352 843 1420 floruimus;
863 1372 920 1410 non
941 1356 1042 1413 vitium
1061 1376 1127 1415 uos·

138 1464 207 1513 hum
220 1454 270 1511 sed
284 1452 380 1511 virtus
395 1460 494 1510 nostra
503 1470 556 1509 nos
567 1450 679 1508 afflixit
720 1450 878 1509 Peccatum
888 1454 1061 1525 estnullum,
1070 1456 1126 1513 nisi
1136 1468 1167 1516 ιο

140 1551 208 1627 qood
226 1568 285 1607 noo
308 1568 370 1607 una
393 1550 518 1607 unimam
541 1566 606 1606 cum
629 1548 804 1605 ornamentis
818 1549 987 1608 amissimus.
1029 1550 1090 1611 Sed
1102 1554 1128 1611 si

140 1646 186 1705 hoc
203 1644 257 1704 fuit
276 1646 379 1704 liberis
395 1645 499 1703 nostris
514 1644 632 1721 gratius,
646 1662 697 1702 nos
711 1644 821 1716 vivere,
835 1652 939 1717 cetera,
952 1666 1127 1723 quamquam

141 1742 248 1802 ferenda
266 1760 329 1801 non
344 1750 418 1813 sunt,
433 1740 568 1799 seramus.
609 1738 709 1816 Atque
724 1758 786 1817 ego,
800 1741 851 1817 qui
864 1750 894 1799 te
907 1744 1051 1815 confirmo,
1064 1746 1127 1821 ipse

141 1856 246 1898 menon
261 1856 389 1915 possum.
435 1838 460 1895 6.
484 1835 617 1896 Clodium
634 1835 862 1908 Philhetaerum,
872 1839 949 1913 qood
963 1841 1127 1900 valetudine

141 1932 275 1992 oculorum
297 1932 519 2009 impediebatur,
535 1932 681 1990 hominem
698 1931 821 2005 fidelem,
834 1934 941 1993 remisi.
985 1934 1127 1997 Salustius
1137 1952 1168 1999 te

141 2029 223 2089 officio
241 2028 335 2087 vincit
360 2046 467 2086 omnes.
512 2026 691 2087 Pescennius
719 2038 764 2087 est
789 2033 999 2107 perbenevolus
1026 2035 1128 2103 nobis;

142 2144 219 2202 quem
243 2144 362 2202 semper
389 2144 474 2203 spero
503 2125 545 2183 tui
570 2125 632 2187 sors
652 2128 861 2187 observantem
903 2128 987 2189 Siwa
1014 2131 1128 2190 dixerat

101 2223 106 2235 ’
143 2240 288 2281 mmecom
312 2220 383 2294 sore,
398 2221 450 2280 sed
473 2221 629 2282 Brundisio
643 2224 781 2283 discessit.
824 2224 910 2299 Cora,
924 2228 1019 2303 quoad
1038 2238 1128 2305 potes,

143 2326 172 2375 nt
194 2318 297 2391 valeas,
328 2326 357 2377 et
384 2318 425 2377 sic
454 2319 609 2392 existimes,
636 2338 683 2379 me
708 2321 909 2381 vehementius
935 2331 986 2381 tua
1011 2325 1127 2384 miseria

144 2434 220 2491 quam
233 2436 299 2476 mea
314 2416 495 2475 commoveri.
538 2416 610 2474 Mea
619 2416 767 2491 Terentia,
777 2419 914 2478 fidissima
923 2422 1169 2498 atqueoptimatt)

145 2528 217 2584 uxor,
237 2522 267 2570 et
287 2530 356 2571 mea
374 2511 521 2571 carissima
542 2511 637 2585 filiola,
652 2521 680 2570 et
695 2532 760 2591 spes
773 2514 886 2591 reliqna
898 2524 1004 2588 nostra,
1018 2513 1130 2590 Cicero,

146 2608 238 2665 talete.

180 2702 275 2763 Pridie
291 2702 440 2762 Kalendas
454 2701 563 2773 Maius,
576 2702 743 2763 Brundisio.

449 3028 712 3090 EPISTOLA
752 3028 869 3090 VIL·

242 3186 321 3249 (usa
333 3186 525 3238 Thessalonicae
537 3204 559 3239 a.
571 3189 594 3239 d.
606 3190 656 3240 111„
687 3188 753 3239 Nora
765 3188 866 3240 Octobr.
875 3189 908 3240 Δ.
919 3189 953 3242 U.
964 3190 994 3243 G.
1006 3194 1072 3257 696.)

219 3315 261 3375 Μ.
281 3316 427 3377 Tunnros
451 3316 481 3378 S.
504 3318 543 3377 D.
564 3318 754 3377 Tuanurms
775 3336 815 3377 nr
836 3319 1029 3379 rumoris
1050 3339 1089 3379 nr

526 3413 686 3474 Cronsoru
708 3414 792 3474 Suts.

186 3554 210 3610 1.
228 3556 295 3617 Noli
316 3568 418 3636 putare
440 3580 487 3621 me
507 3564 544 3621 ad
565 3580 739 3639 quemquam
759 3560 902 3637 longiores
914 3558 1049 3634 epistolas
1062 3559 1131 3617 scri·

151 3645 219 3721 bere,
227 3655 280 3712 nisi
291 3658 314 3715 si
326 3661 389 3736 quis
400 3662 437 3720 ad
447 3682 495 3721 mo
503 3664 589 3739 plura
599 3664 719 3739 scripsit,
729 3662 775 3719 coi
784 3668 853 3736 puto
861 3656 980 3714 rescribi
990 3665 1130 3731 oportere.
1138 3668 1171 3715 at

153 3738 290 3812 Neceoim
304 3760 405 3832 habeo,
414 3760 484 3837 quid
498 3761 629 3831 scribam,
637 3780 691 3819 nee
703 3761 760 3819 boc
773 3770 901 3834 tempore
911 3757 1069 3832 quidquam
1078 3751 1132 3811 utt-

153 3842 242 3909 tonus
255 3854 337 3915 facio.
379 3856 431 3916 Ad
450 3867 479 3916 te
493 3876 563 3916 vero
577 3856 657 3915 etad
675 3868 803 3916 nostram
816 3854 971 3913 Tulliolam
985 3873 1042 3912 oon
1057 3871 1132 3928 queo

511 4046 579 4097 *Ad
595 4045 667 4097 llam.
684 4046 761 4098 x1v.
779 4052 802 4097 2.
