2934 4692
594 426 770 483 carrarias.¹
1128 414 1186 473 tac

152 588 246 647 timidi
260 587 416 645 resistunt:
437 606 575 645 maxuum
588 587 618 646 vi
632 595 767 647 certatur.
808 584 927 647 Interea
941 586 1068 648 Catilina
1081 608 1147 647 cum

153 683 296 761 expeditis
312 684 342 739 in
356 682 451 759 prima
463 684 527 741 acie
540 683 671 754 versari:
680 682 876 742 laborantibus
890 702 1065 756 succurrere,
1075 685 1147 743 inte·

152 800 221 859 gros
245 799 299 857 pro
324 779 429 838 sauciis
453 798 610 851 accersere,
633 781 730 839 omnia
753 780 915 857 providere,
939 781 1060 837 multum
1084 781 1147 858 ipse

150 896 290 956 pugnare,
302 894 391 953 saepe
413 876 526 935 hostem
546 875 642 933 ferire
684 874 800 936 strenui
814 876 911 935 militis
925 884 955 934 et
971 876 1043 935 boni
1057 878 1148 953 impe·

150 975 257 1033 ratoris
270 973 363 1032 officia
376 972 462 1031 simul
475 972 696 1046 exsequebatur.
738 970 881 1043 Petreius,
895 972 944 1029 ubi
955 960 1038 1030 'videt
1049 970 1173 1033 Catili-s

151 1068 352 1140 nam’contra
374 1088 411 1128 ac
433 1077 515 1126 ratus
537 1076 609 1139 erat,
632 1087 740 1145 magna
763 1064 806 1126 vib
826 1065 964 1139 ⁸tendere,
988 1065 1146 1127 ‘cohortem

152 1168 329 1244 praetoriam
338 1168 368 1224 in
381 1166 490 1224 medios
505 1164 601 1222 hostes
615 1164 734 1236 inducit,
745 1182 851 1240 eosque
865 1166 1047 1241 perturbatos
1057 1174 1146 1241 atque
1242 1198 1246 1215 ·

151 1261 238 1322 ‘alios
250 1262 318 1321 alibi
330 1262 495 1321 resistentes
515 1257 678 1318 interfecit:
699 1260 803 1319 deiude
817 1260 961 1335 utrimque
981 1255 1031 1317 ⁶ex
1051 1260 1148 1319 lateri-

149 1361 207 1419 bus
227 1369 337 1418 ceteros
357 1358 533 1435 aggreditur.
579 1356 710 1415 Manlius
731 1364 762 1415 et
783 1354 965 1415 Faesulanus
983 1352 1026 1414 'iu
1046 1357 1146 1433 primis

148 1466 313 1534 pugnantes
333 1456 449 1514 cadunt.
492 1452 619 1513 Catilina
647 1463 800 1531 postquam
827 1451 905 1511 fusas
931 1454 1028 1530 copias
1055 1465 1186 1530 sequere

147 1574 217 1613 cum
239 1554 342 1631 paucis
362 1554 494 1613 relictum
516 1554 604 1626 videt,
628 1570 739 1611 memor
761 1550 875 1627 generis
899 1560 986 1627 atque
1009 1551 1146 1627 pristinae

147 1670 220 1709 snae
240 1652 399 1727 dignitatis,
412 1651 444 1709 in
464 1650 693 1710 confertissumos
712 1650 809 1707 hostes
822 1647 950 1719 incurrit,
964 1647 1061 1723 ibique
1074 1666 1147 1726 pug-

147 1768 223 1807 nans
236 1749 409 1808 confoditur.

190 1846 279 1905 LXL
322 1843 391 1917 Sed,
410 1844 539 1905 coniecto
559 1844 677 1922 praelio,
698 1853 761 1903 tum
781 1861 851 1903 vero
872 1847 1025 1913 cerneres,⁸
1038 1850 1147 1916 quauta

147 1944 273 2001 andana
295 1951 461 2018 quantaque
484 1942 529 2000 vis
554 1942 644 2000 animi
668 1939 769 1999 suisset
793 1940 823 1997 in
845 1939 975 1998 exercitu
992 1936 1144 1999 Catilinae.
1155 1952 1185 2001 1⁵

148 2039 230 2099 Nam
249 2039 313 2098 fere
333 2058 420 2115 quem
448 2039 570 2115 quisque
598 2038 681 2096 vivus
708 2036 864 2114 pugnaudo
892 2031 1000 2095 locutub
1021 2045 1146 2111 ceperat,

149 2132 239 2206 erm,b
259 2136 367 2195 amissa
385 2134 491 2206 anima,
511 2152 629 2210 corpore
651 2134 775 2211 tegebat.
819 2131 912 2191 Pauci
936 2140 1041 2202 autem,
1063 2126 1146 2207 ¹quos

148 2234 260 2290 medios
294 2233 395 2290 cohors
422 2231 567 2308 praetoria
594 2229 753 2306 disjecerat,
780 2227 887 2307 ’paullo
915 2230 1066 2302 diversius,
1094 2228 1146 2290 sed

148 2346 248 2385 omnes
264 2336 360 2383 tamen
380 2325 509 2383 adversis
523 2325 687 2383 volneribus
702 2325 892 2383 conciderant.
936 2323 1062 2384 Catilina
1074 2344 1146 2385 vero

148 2424 235 2499 longe
255 2442 276 2481 a
294 2423 354 2481 suis
374 2422 449 2480 inter
468 2422 592 2480 hostium
614 2422 757 2480 cadavera
781 2432 913 2498 repertus
934 2432 986 2495 est,
1013 2422 1185 2501 paullumto

147 2516 248 2579 ‘etiam
269 2521 390 2597 spirans,
410 2520 602 2595 ferociamque
623 2519 719 2590 animi,
742 2538 829 2595 quam
851 2520 992 2581 babuerat
1006 2521 1100 2591 urus,
1113 2521 1144 2579 in

148 2618 230 2677 voitu
243 2617 379 2675 retinens
422 2616 574 2675 Postremo
595 2637 634 2677 ex
654 2620 731 2677 omui
755 2620 846 2698 copia,
868 2639 962 2696 neque
982 2620 1013 2677 in
1033 2618 1144 2695 praelio

148 2732 245 2791 noque
258 2714 289 2771 in
309 2712 380 2791 iuga
393 2714 544 2789 quisquam
557 2715 628 2773 ciris
641 2716 784 2793 ingenuus
798 2724 898 2794 captus
912 2725 973 2775 est:
993 2716 1035 2774 ita
1048 2714 1144 2775 cuncti

150 2828 220 2868 suae
233 2810 417 2885 boetiumque
431 2810 507 2867 vitae
520 2807 614 2884 *juxa
627 2820 825 2889 pepercerant.
866 2812 971 2888 Neque
985 2822 1081 2871 tamen
1092 2828 1144 2869 ex-

150 2907 256 2965 ercitus
269 2905 369 2982 populi
384 2904 509 2963 Romani
523 2906 628 2965 laetam
642 2918 693 2966 aut
706 2909 886 2969 incruentam
895 2907 1045 2967 victoriam
1055 2906 1182 2982 adep-tt

149 3013 197 3061 tus
210 3013 274 3061 erat
281 3024 290 3070 ;
303 3021 372 3060 narn
381 2998 615 3061 'snenuissurnus
631 3006 753 3081 quisque
765 3015 815 3063 aut
826 3005 970 3064 occiderat
979 3005 1010 3061 in
1025 3002 1143 3081 praelio,

149 3109 201 3159 aut
226 3100 357 3183 graviter
383 3100 548 3159 volneratus
577 3102 755 3161 discesserat.
797 3102 887 3161 Multi
911 3110 1016 3173 autem,
1030 3100 1081 3176 qui
1105 3099 1143 3159 de

149 3198 251 3255 caruis
275 3196 388 3255 visundi
408 3205 460 3255 aut
479 3198 621 3274 spoliandi
643 3199 738 3275 gratia
764 3208 969 3275 processerant,
992 3199 1142 3257 volventes

148 3293 265 3351 hostilia
284 3292 436 3365 cadavera,
450 3294 573 3352 amicum
588 3295 657 3366 alii,e
678 3299 756 3369 pars⁶
770 3295 912 3371 hospitem
927 3304 978 3353 aut
991 3301 1143 3369 cognatum

149 3389 349 3465 reperiebant:
369 3386 452 3447 fuere
464 3390 541 3461 item,
553 3391 603 3466 qui
617 3391 747 3449 inimicos
767 3410 831 3449 suos
850 3398 1060 3467 cognoscerent
1095 3387 1142 3447 Ita
1149 3398 1182 3448 80

149 3486 231 3544 varie
252 3504 307 3562 per
329 3504 445 3545 omnem
467 3487 629 3547 exercitum
651 3482 781 3559 'laetitia
802 3472 922 3559 moeror,
943 3487 1036 3544 luctus
1055 3494 1143 3559 atque

149 3582 258 3657 gaudia
270 3583 461 3659 agitabantur.

181 3827 331 3882 K.-1.x
363 3828 640 3889 ⁸84‚R.9.-⁸9t,5.

179 3908 253 3959 m.
286 3908 809 3972 ·οι,ῐι.σ,ο).-·ιιο,λιι-τω.

182 3988 415 4045 ann-Lx.
448 3990 767 4049 mosas-tarci.

183 4069 253 4121 m
285 4072 359 4130 ⁸2⁰⁹,
371 4066 403 4117 R
417 4070 440 4129 7,
453 4066 623 4131 (ab-³205,
637 4066 686 4131 (³),
700 4067 871 4131 (ah-⁸204,
883 4064 916 4117 B.
930 4070 968 4116 1⁰.
