2934 4692
281 376 340 435 312
588 394 766 437 nrrsrousn
787 392 967 439 emenonis

319 554 408 613 citum
428 552 466 609 ad
488 548 606 612 Ciliciae
627 554 698 612 lines
717 554 897 624 adducerem,
909 572 1055 629 quumque
1069 551 1140 611 mihi
1154 571 1215 624 rex,
1228 562 1305 630 pate·

319 648 401 707 factis
418 647 481 723 jam
502 648 620 719 insidiis,
641 667 696 706 non
718 668 805 725 egere
825 651 955 707 exercitu
981 649 1078 725 populi
1104 648 1238 719 Romani,
1258 651 1305 709 sed

319 764 403 823 posse
427 764 458 803 se
482 745 541 803 suis
564 744 665 819 opibus
690 744 844 803 defendere
865 745 1019 815 videretur,
1040 745 1123 803 illum
1145 746 1305 805 cohortatus

320 860 392 913 sum,
405 850 438 899 ut
450 842 481 898 in
495 858 548 897 sua
562 839 622 897 vita
641 840 839 899 conservanda
859 841 983 917 primum
996 858 1119 916 regnare
1131 841 1272 911 discerem
1287 862 1306 902 a

296 938 424 1013 equibus
440 936 635 1014 perspexisset
647 936 701 993 sibi
716 936 833 994 insidias
853 947 976 1012 paretes,
988 938 1019 994 in
1033 954 1083 995 eos
1096 946 1228 996 uteretur
1242 939 1304 1014 jure

320 1034 416 1111 regio;
436 1052 529 1109 poena
542 1032 668 1091 afficeret
682 1050 740 1103 eos,
755 1051 826 1108 quoa
846 1052 963 1091 neeesse
977 1046 1070 1102 essen
1090 1036 1217 1110 reliquos
1230 1046 1304 1095 metu

319 1130 472 1197 liberaret3
492 1129 633 1205 praesidio
657 1128 803 1185 exercitus
825 1129 882 1186 mei
906 1130 944 1187 ad
967 1148 1074 1201 eorum,
1096 1132 1146 1207 qui
1171 1132 1202 1188 in
1226 1132 1308 1207 culpa

320 1234 421 1297 essent,
436 1226 567 1283 timorem
587 1224 783 1301 potiusquam
803 1223 842 1283 ad
861 1226 1069 1284 contentionem
1082 1236 1232 1294 meretum
1252 1226 1308 1285 fore

321 1332 426 1391 autem,
441 1332 473 1377 ut
485 1338 594 1392 omnes,
607 1322 744 1396 quoniam
764 1329 880 1379 senatus
897 1321 1058 1379 consultum
1071 1333 1195 1392 nossent,
1207 1322 1308 1381 intelli·

282 1426 421 1494 lugerent
439 1436 486 1475 me
506 1418 576 1493 regi,
590 1417 614 1475 si
627 1436 698 1493 opus
719 1427 804 1490 esset,
818 1437 858 1477 ex
870 1418 1038 1477 auctoritate
1052 1428 1147 1476 vestra
1168 1418 1309 1495 praesidis

319 1513 454 1572 futurum.
494 1514 522 1571 8.
542 1513 589 1571 Ita
602 1516 768 1572 confirmato
783 1515 842 1585 illo,
856 1533 896 1573 ax
908 1533 943 1573 eo
957 1513 1019 1573 loeo
1031 1524 1125 1573 castra
1137 1516 1237 1583 movi3
1257 1516 1309 1573 iter

319 1610 349 1668 in
365 1608 494 1669 Ciliciam
514 1608 610 1668 faeere
629 1609 748 1681 institui,
763 1629 853 1686 quum
873 1612 927 1669 hac
945 1611 1110 1686 opinionee
1126 1610 1310 1687 Cappadocis

320 1707 503 1777 discederem,
517 1717 550 1764 ut
563 1706 678 1765 consilio
689 1716 795 1778 vestro,
807 1726 875 1765 casu
888 1707 1047 1765 incredibili
1059 1726 1094 1766 ae
1106 1726 1199 1783 paene
1213 1708 1309 1766 divino

319 1822 425 1881 regem,
439 1821 525 1879 quem
538 1822 589 1861 vos
603 1803 886 1862 honorificentissime
901 1803 1104 1880 appellassetis
1118 1804 1199 1862 nullo
1213 1814 1310 1880 postu·

281 1914 312 1962 15
321 1900 406 1971 lente,
420 1918 562 1976 quemque
583 1918 664 1958 meae
685 1900 752 1958 fidei
773 1900 1023 1959 commendassetis
1043 1911 1074 1958 et
1092 1899 1173 1975 cujus
1187 1900 1309 1959 salutem

319 2016 441 2074 magnae
456 1996 537 2054 vobis
553 2014 638 2054 curae
651 2014 714 2055 esse
727 1997 906 2068 decressetis,
920 2014 1002 2055 meus
1015 1998 1155 2055 adventus
1176 2015 1310 2073 praesen·

319 2094 395 2153 tibus
408 2092 517 2150 insidiis
531 2092 667 2151 liberarit
710 2091 796 2167 Quod
809 2093 847 2151 ad
860 2111 996 2151 vosame
1008 2093 1095 2152 scribi
1107 2112 1165 2150 non
1179 2093 1306 2151 alienum
1411 2149 1412 2172 ἶ

319 2190 426 2267 putavi,
447 2198 479 2247 ut
502 2189 698 2265 intelligeretis
722 2208 762 2248 ex
783 2191 828 2261 iis,
847 2209 923 2266 quae
945 2208 1038 2267 poene
1060 2190 1235 2260 aeciderunt,
1255 2208 1304 2247 vos
1411 2175 1413 2312 p

320 2286 409 2344 multo
422 2294 498 2357 ante,
512 2304 549 2343 ne
563 2304 599 2344 ea
611 2286 781 2359 acciderent,
792 2287 965 2363 providisse;
985 2305 1076 2361 eoque
1087 2305 1138 2344 vos
1151 2285 1303 2345 studiosius

280 2382 374 2443 tofeci
389 2383 531 2453 certiores,
544 2384 621 2459 quod
634 2384 664 2441 in
678 2402 748 2461 rege
762 2384 961 2443 Ariobarzane
972 2402 1009 2441 ee
1020 2384 1091 2441 mibi
1110 2382 1195 2459 signa
1208 2383 1304 2441 videor

319 2478 440 2549 virtutis,
454 2478 568 2555 ingenii,
589 2478 656 2536 fidei
676 2480 951 2554 benevolentiaeque
964 2498 1035 2555 erga
1047 2498 1098 2536 vos
1118 2478 1307 2555 perspexisse,

321 2583 420 2631 utnon
434 2574 494 2631 sine
513 2592 599 2633 eausa
620 2584 728 2633 tantum
749 2595 848 2635 curam
862 2577 891 2633 iu
906 2574 969 2652 ejus
983 2593 1033 2634 voa
1047 2575 1176 2646 sulutem
1190 2574 1307 2651 diligen·

319 2669 445 2745 tiamque
460 2669 613 2729 videamini
627 2672 789 2731 contulisse.

586 3011 858 3074 EPISTOLA
897 3012 1011 3071 XX!

553 3174 619 3239 (Ser.
630 3173 706 3223 Initio
716 3172 830 3224 annarii
840 3172 873 3223 Δ.
884 3171 917 3222 U.
930 3170 960 3222 0.
972 3169 1039 3233 704.)

478 3316 511 3366 A.
523 3315 555 3366 U.
569 3314 599 3366 C.
611 3318 665 3365 70⁴.
699 3315 767 3365 Ante
780 3313 901 3365 C.N.50.
934 3312 1120 3363 Annicieot.

388 3460 458 3513 Coss.
474 3460 503 3511 L.
520 3460 665 3512 Arururus
682 3461 804 3521 Psusus,
823 3459 852 3511 c.
869 3458 1017 3511 cosumus
1033 3456 1216 3508 Mssescnus.

313 3604 425 3655 Ciceroni
445 3605 542 3655 Romae
559 3621 604 3671 pro
620 3622 645 3656 re
664 3607 726 3657 bene
747 3618 818 3670 gesta
837 3608 1026 3672 supplicationes
1048 3602 1222 3651 decemuntur.
1253 3600 1304 3665 lpse

279 3682 329 3734 111.
341 3684 398 3734 Kal.
413 3684 501 3734 Sextii.
514 3687 544 3734 de
554 3687 681 3749 provincis
692 3687 811 3736 decedens
824 3686 852 3737 C.
862 3686 975 3737 Coelium
987 3693 1141 3751 quaestorem
1152 3682 1175 3730 ei
1188 3680 1302 3746 preesecit

279 3766 380 3830 Epheso
396 3768 517 3831 profectus
537 3768 587 3817 Kal
607 3768 663 3819 Oct.
680 3769 792 3820 Athenas
808 3772 875 3820 venit
892 3771 955 3834 prid.
975 3770 1014 3819 ld.
1047 3766 1129 3818 Petris
1142 3763 1304 3813 Timuemse

279 3860 352 3911 grum
362 3848 467 3912 reliquit
499 3848 662 3899 Brundisium
673 3850 741 3899 venit
752 3850 815 3899 VII.
828 3850 886 3899 Kal.
897 3850 961 3900 Dec.

654 4002 673 4042 Ι*
688 4003 731 4054 Ad
743 4004 815 4053 Fam.
827 4003 889 4053 XV.
899 4010 924 4054 4.
