2934 4692
588 337 750 381 osrmma.
1125 324 1181 385 173

152 500 316 579 prehendet
340 498 418 576 quod
444 498 475 557 in
501 497 658 575 parricidas
689 498 866 576 reipublicae
892 496 1040 559 decretum
1067 498 1142 559 erit?

151 596 312 675 'dampna
336 598 406 668 dies,
428 596 552 668 fortuna,
578 595 660 673 eujus
685 596 783 656 lubido
809 598 942 673 gentibus
969 598 1141 657 moderatur.

150 692 237 753 “Illis
254 695 361 753 merito
377 693 498 765 aonidet,
510 694 646 769 quioquid
656 694 802 762 eveneritr
822 703 948 753 ceterum
962 714 1022 766 vos,
1036 695 1142 755 Patres

149 791 314 868 mnseripti,
327 790 397 866 quid
409 786 462 847 ⁸‘iu
481 789 552 847 alios
572 790 711 860 statuatis,
720 790 905 849 considerate.
946 789 1052 851 Omnia
1064 794 1142 851 mala

148 888 339 965 exemplator
351 886 435 945 bonis
446 893 511 943 ortu
520 893 609 953 sunt;
628 886 680 943 sed
693 886 742 945 ubi
752 887 905 963 imperinm
915 888 953 945 ed
966 888 1081 963 ignaros
1090 898 1141 947 aut
1164 904 1181 952 t

150 985 251 1043 miuus
268 985 356 1043 bonos
377 981 518 1059 pervenit,
537 1000 645 1039 novum
664 982 737 1039 illud
753 984 919 1059 exemplum
932 985 969 1043 ab
982 982 1098 1061 “dignis
1112 996 1142 1045 et

151 1080 452 1155 idoneisadindignos
461 1086 492 1136 et
500 1096 558 1137 non
568 1078 685 1137 idoneos
698 1078 876 1137 transfertur.
910 1078 1132 1141 Laoedeemonii

151 1177 277 1235 demotis
286 1174 512 1233 Atheniensibus
533 1173 651 1249 triginta
663 1174 741 1232 viros
754 1174 924 1250 imposuere,
938 1176 989 1251 qui
1006 1178 1142 1253 rempub·

150 1272 238 1331 boam
251 1290 351 1330 sorum
364 1266 538 1329 tractarent-²
577 1267 605 1326 Ii
618 1271 713 1346 primo
726 1286 848 1345 ooepere
861 1288 1027 1347 pessumum
1041 1290 1141 1347 quem-

148 1388 208 1445 que
221 1377 252 1427 et
269 1368 419 1427 omuibus'¹
437 1366 563 1425 invisum
583 1367 781 1425 indemnatum
800 1386 921 1426 necare:
948 1374 997 1428 ea*
1017 1371 1139 1445 populus
1148 1382 1179 1431 1⁰

144 1465 253 1524 laetari
272 1476 304 1523 et
322 1463 426 1522 merito
445 1464 542 1521 diuers
561 1463 634 1521 deri.
676 1462 757 1535 Post,
777 1464 827 1521 ubi
847 1465 998 1541 paullatim
1024 1466 1141 1526 licentia

143 1563 249 1635 erevit,
268 1562 357 1638 juxta
379 1562 469 1619 bonos
491 1568 522 1619 et
541 1560 633 1619 malos
653 1560 816 1619 lubidinoso
839 1560 1008 1633 interficere,
1029 1573 1139 1621 eeteros

143 1668 228 1719 metu
239 1668 361 1718 terrere.
396 1657 444 1716 Ita
456 1656 558 1715 oiritas
572 1658 710 1715 servitute
723 1676 863 1734 oppressa
876 1659 979 1717 stultae
993 1658 1139 1719 laetitiae'

143 1776 254 1834 graves
272 1774 382 1833 poenas
401 1754 488 1813 dedit
531 1753 641 1813 Nostra
658 1750 813 1813 memoria*
833 1756 925 1814 vietor
947 1754 1030 1815 Sulla
1049 1774 1139 1831 quum

143 1849 382 1928 'Damasippum
401 1859 432 1909 et
452 1851 524 1909 alios
543 1847 692 1925 ejusmodi,
706 1851 757 1925 qui
776 1851 866 1910 malo⁹
885 1852 1059 1927 reipublicae
1077 1866 1178 1913 ore-1⁵

143 1958 260 2021 mant,
276 1948 405 2025 jugulari
420 1946 515 2022 jussit,
528 1948 594 2021 quis
607 1966 665 2005 nou
678 1946 788 2005 factum
802 1946 864 2023 ejus
878 1946 1035 2006 laudabat?
1076 1948 1139 2006 Ho-

143 2046 239 2105 mines
263 2046 400 2104 seelestos
422 2052 454 2103 et
475 2042 617 2115 factiosos,
641 2044 692 2119 qui
718 2044 904 2102 seditionibus
931 2043 1139 2119 rempublicam

144 2142 377 2219 exagitaverant,
395 2139 499 2199 merito
517 2148 635 2197 neeatos
654 2141 778 2199 aiebant
821 2138 881 2199 Sed
899 2157 935 2197 ea
951 2158 998 2197 res
1016 2158 1138 2216 magone

141 2239 261 2297 initium
274 2238 364 2297 eladis
377 2237 440 2295 fuit.
480 2236 559 2295 Nam
572 2236 615 2294 uti
627 2236 750 2311 quisque
764 2235 880 2294 domum
899 2245 949 2294 aut
962 2236 1069 2307 villam,
1088 2256 1140 2313 po·

143 2344 255 2395 smemo
264 2352 317 2393 ras
329 2342 382 2393 aut
394 2333 596 2391 vestimentum
610 2330 732 2407 alicujus
746 2332 957 2406 concupiverat,
969 2332 1056 2391 dabat
1069 2352 1137 2409 ope·
1145 2345 1179 2395 ab

142 2432 327 2504 umutisiu
338 2430 561 2507 proscriptorum
570 2446 692 2487 numero
699 2437 784 2487 esset.
805 2426 854 2485 Ita
861 2428 1020 2503 iniquibus
1030 2428 1138 2489 Duma-

143 2529 222 2605 sippi
231 2546 310 2587 mors
319 2524 570 2596 laetitiae¹fuerat
580 2524 679 2601 paullo
689 2532 754 2601 post
764 2524 820 2599 ipsi
830 2524 1029 2592 trahebantur3
1042 2544 1138 2601 nequo

142 2626 227 2703 prius
239 2624 305 2682 finis
321 2622 475 2700 jugulandi
487 2620 551 2694 fuit,
564 2640 652 2697 quam
673 2619 756 2680 Sulla
768 2640 870 2681 omnes
882 2640 948 2680 suos
966 2622 1073 2680 divitiis
1086 2640 1139 2681 ex·

141 2721 246 2798 plerit.
284 2716 406 2794 ⁸⁸Atque
419 2737 474 2795 ego
486 2719 560 2775 haee
571 2736 629 2775 non
642 2718 673 2774 in
693 2716 738 2775 M.
752 2717 850 2775 Tullio
863 2737 957 2793 neque
970 2718 1015 2775 his
1029 2728 1138 2794 tempo-

142 2818 225 2876 ribus
244 2834 348 2875 vereor
376 2816 428 2873 sed
446 2816 476 2872 in
496 2832 604 2891 magna
623 2814 739 2872 civitate
753 2815 844 2873 multa
857 2822 887 2873 et
899 2816 982 2875 varia
998 2811 1177 2892 ”ingenioso

142 2922 221 2973 sunt.
260 2909 384 2971 ”Potest
403 2912 461 2969 elio
480 2920 618 2987 tempore,
639 2912 698 2971 aiio
710 2914 835 2986 oonsule,
849 2914 896 2973 oui
909 2914 978 2972 item
992 2915 1137 2973 exercitus

142 3011 176 3069 in
187 3028 277 3069 manu
290 3009 336 3079 sit,
348 3006 454 3067 auum
466 3008 577 3082 aliquid
590 3028 644 3084 pro
657 3028 728 3067 vero
742 3010 838 3069 credi:
859 3010 908 3069 ubi
922 3010 977 3069 hoo
989 3010 1138 3086 exemplo⁹

141 3124 200 3183 per
218 3106 311 3164 senati
330 3104 479 3163 decretum
498 3102 627 3179 gladium
647 3105 747 3163 eousnl
760 3106 902 3178 eduxerit,
915 3107 980 3182 quis
993 3106 1036 3163 illi
1050 3108 1138 3164 finem

142 3210 252 3261 statuet
271 3210 322 3260 aut
341 3201 406 3276 quis
426 3201 644 3260 moderabitur?
684 3205 813 3281 Majores
834 3207 931 3278 nostri,
953 3204 1058 3263 Patres
1072 3222 1139 3263 onu-

142 3297 253 3374 suripti,
264 3315 360 3373 neque
372 3297 485 3356 nonsilii
494 3302 735 3375 nequeandaeiae
746 3324 873 3381 unquam
884 3308 1004 3381 eguerey
1013 3326 1021 3371 ς
1042 3320 1138 3378 neque
1146 3314 1179 3363 to

141 3394 202 3453 illis
222 3394 358 3471 superbia
376 3395 528 3467 obstabat'
541 3395 621 3474 ⁴¹quo
640 3400 735 3458 minus
753 3401 849 3459 aliena
862 3402 999 3467 instituta,
1014 3400 1038 3457 si
1053 3400 1139 3458 modo

141 3494 236 3569 proba
259 3503 350 3565 erant,
373 3494 561 3555 imitarentur.
603 3495 718 3557 ⁴¹Arma
741 3510 828 3577 atquo
852 3501 911 3558 tela
937 3497 1076 3557 militarie
1102 3498 1138 3556 ab

143 3587 331 3661 Samnitibus,
344 3591 468 3670 insignia
481 3596 701 3671 magistratuum
714 3598 752 3656 ab
766 3596 870 3655 Tuscis
887 3596 1030 3672 pleraque
1044 3612 1140 3669 sump-

173 3745 311 3801 1.-e1.
345 3750 415 3810 ⁸11⁰,
432 3753 456 3809 a,
473 3746 1177 3811 a).-·so,r.-vse‚1t.s‚-·m,1t11.-¹ss,s

139 3836 191 3867 ..r
277 3865 283 3876 ,

173 3828 394 3962 &nain-m.
425 3910 497 3970 ωσι,
516 3913 659 3973 s.-·ass‚
679 3914 824 3973 a-vsas,
848 3908 1024 3975 (st-van,
1045 3905 1080 3955 ι
1101 3908 1180 3955 sa-

141 3987 479 4050 ‘aaa-rusum.
