2934 4692
423 428 544 475 onemo
564 429 610 472 ru.
631 429 666 472 nr
686 429 715 472 n.
739 429 928 474 currum.
1128 415 1187 476 227

193 591 331 664 Nunqsi
350 591 429 650 lruuo
447 591 560 651 exitum
579 591 743 651 uousulutus
757 591 815 651 mei
833 591 873 650 dii
894 591 1070 652 immortales
1084 609 1147 652 sese

151 690 361 758 soluerentur
375 705 426 745 vos
439 688 637 764 populumque
651 687 815 747 Romanum
826 707 864 747 ex
875 689 965 747 caede
977 689 1148 762 miserrime,

153 785 288 862 eonjuges
303 769 468 858 liberosqde
482 793 592 843 vestm
606 781 812 862 1⁴virginesque
823 783 958 844 Vestales
972 803 1011 843 ex
1023 785 1148 845 acerbis·

152 882 227 940 sime
245 881 411 952 vexatione,
431 880 542 956 templu
567 890 654 956 utque
681 881 809 953 delubro,
829 881 904 939 huno
924 882 1147 958 pulcherrimum

152 978 278 1054 putrium
297 975 426 1034 omnium
440 982 583 1034 nostrum·
596 995 635 1034 ex
648 975 814 1034 foedissime
827 976 950 1048 flumme,
964 985 1053 1036 totum
1066 977 1147 1036 Itali·
1170 991 1186 1039 s

153 1093 204 1132 mu
216 1093 257 1132 ex
277 1073 353 1131 bello
365 1082 396 1131 et
408 1073 544 1131 restitute
555 1073 707 1149 eriperem,
720 1091 909 1149 quaeeunque
929 1074 1000 1132 mihi
1013 1075 1064 1132 uni
1082 1093 1147 1151 pro-

154 1180 281 1246 ponetur
299 1167 419 1241 fortune,
439 1165 600 1228 subeetnr.¹²
640 1169 767 1242 Etenim,
787 1171 812 1228 si
833 1171 868 1228 P.
887 1170 1028 1229 Lentulus
1041 1167 1147 1230 ¹⁵suum

152 1285 269 1336 nomem
288 1266 418 1324 inductus
439 1283 459 1323 s
475 1265 597 1337 vatibus,
609 1264 699 1324 faulo
718 1266 756 1324 od
776 1262 932 1342 perniciem
949 1267 993 1326 rei
1014 1267 1146 1344 publloue

151 1359 216 1420 fore
235 1362 358 1438 putarit,
371 1381 424 1420 eur
443 1378 498 1439 ogo
518 1379 575 1420 nou
595 1358 702 1422 lueterh
715 1381 813 1421 meum
827 1363 1005 1422 eonsulututn
1019 1361 1057 1421 sd
1071 1362 1146 1421 sulu-

151 1467 211 1514 tem
223 1457 323 1533 populi
337 1457 463 1516 Romani
476 1472 567 1534 prope
579 1457 698 1516 llstulem
711 1458 877 1516 exstitisse?
1155 1469 1186 1518 ιο

191 1552 234 1610 Π.
276 1552 305 1610 3.
327 1552 437 1626 Quare,
457 1553 564 1613 Putrss
579 1551 749 1632 Consoripti‚
762 1555 902 1614 consulite
916 1556 1018 1627 vobis:
1037 1557 1147 1632 prospi-

151 1650 209 1708 eite
228 1651 363 1725 panim·
390 1660 559 1710 conservate
578 1671 639 1723 ros,
658 1650 804 1728 eonjuges,
825 1651 938 1720 liberos,
958 1651 1146 1727 fortunasque

151 1754 273 1816 vestros,
286 1746 387 1822 populi
409 1746 532 1805 Romani
551 1764 657 1805 nomen
677 1748 857 1823 salutemque
877 1747 1039 1806 defendite:
1063 1745 1146 1807 ¹mihi

152 1861 272 1919 paruere
284 1861 321 1901 ue
333 1843 371 1902 de
384 1861 432 1902 me
445 1843 572 1920 eogiture
580 1844 711 1902 desinite.
752 1842 830 1904 Num
844 1845 969 1922 primum
980 1847 1071 1904 debeo
1082 1863 1146 1922 spe-

150 1957 227 2011 rare,
238 1957 341 1998 omnes
361 1940 438 2011 deos,
451 1941 503 2015 qui
523 1941 592 1999 hoio
610 1942 677 1999 urbi
695 1942 868 2018 praesident,
881 1937 944 2018 'pro
962 1958 997 2001 eo
1017 1943 1096 2014 mihi,
1110 1955 1185 2002 uolo

150 2053 274 2107 mereor,
300 2035 442 2094 relaturos
464 2037 587 2112 gretiam
613 2053 696 2103 ssse;
715 2034 840 2108 ³deinde,
853 2039 879 2096 si
901 2038 971 2113 quid
990 2036 1145 2114 ‘obtigerit

151 2149 246 2207 usquo
265 2133 363 2189 animo
382 2141 541 2207 potatoque
559 2134 676 2191 moriar.
731 2133 810 2191 Num
829 2153 925 2209 neque
951 2134 1042 2210 turpis
1068 2152 1146 2194 mors

150 2227 295 2288 fordviro
307 2239 402 2306 potest
413 2231 545 2289 occidere
558 2249 656 2306 neque
665 2232 821 2290 immature
831 2233 970 2292 consulari
979 2234 1147 2292 neomiseru

151 2327 285 2402 apienti.
327 2327 393 2385 Neo
405 2336 503 2385 umen
516 2347 572 2404 ego
585 2347 649 2385 sum
661 2325 723 2386 ‘illo
740 2327 860 2400 ferreus,
874 2330 924 2404 qui
937 2325 1045 2387 ‘lintris
1059 2329 1146 2387 oeris-

151 2424 219 2481 simi
237 2423 326 2500 utque
347 2424 535 2482 amentissimi
555 2425 716 2501 proesentis
736 2442 866 2484 moerere
885 2445 942 2483 non
958 2443 1077 2484 movear
1096 2427 1186 2486 ho-ud

151 2535 277 2596 rumque
296 2521 425 2578 omnium
444 2521 579 2592 lacrimis,
591 2539 611 2580 e
623 2523 727 2596 quibus
741 2541 788 2579 me
801 2522 1019 2580 circumsessum
1033 2523 1145 2580 videtis.

152 2613 273 2692 Neque*
285 2635 382 2675 meum
394 2626 521 2675 mentem
533 2613 607 2676 nonb
620 2618 736 2676 domum
750 2634 837 2695 saepe
849 2628 967 2676 revocet
981 2619 1146 2678 exanimate

151 2707 238 2770 'uxor
251 2723 282 2771 et
294 2713 408 2788 objectu
421 2723 501 2772 metu
516 2714 578 2772 filie
591 2721 619 2773 et
633 2714 772 2790 parvulus
786 2715 870 2785 filius,
884 2733 970 2790 quem
983 2715 1053 2772 milri
1067 2715 1147 2774 vide·

151 2819 201 2866 tur
220 2810 357 2886 amplecti
376 2827 425 2868 res
444 2810 561 2886 publiea
581 2818 729 2886 umquem
747 2811 877 2870 obsidem
890 2811 1054 2870 consulatus
1067 2813 1146 2880 mei;

152 2901 259 2981 ⁸neque
272 2907 330 2978 ille,
343 2907 394 2981 qui
408 2915 579 2983 euspeetuns
592 2906 677 2981 hujus
684 2908 795 2965 exitum
805 2907 871 2977 diei,
879 2917 935 2965 stet
948 2908 978 2964 in
992 2918 1185 2984 conspectum

151 3023 218 3064 meo
228 3002 340 3082 'genen
381 3005 505 3063 Mereor
518 3007 563 3063 his
573 3007 660 3064 rebus
669 3006 810 3076 omuibus,
821 3007 872 3063 sed
881 3003 932 3062 l‘ln
947 3025 1012 3064 eum
1026 3017 1145 3082 purtem,

152 3111 186 3160 ut
204 3101 280 3160 salvi
301 3102 358 3159 sint
375 3103 525 3160 robiseum
538 3120 647 3172 omnes,
659 3103 748 3159 etism
761 3102 787 3159 si
800 3119 847 3160 me
861 3102 959 3178 ulique
972 3103 1017 3160 vis
1029 3121 1146 3179 oppres-

151 3200 230 3270 serit,
243 3198 340 3275 potius
349 3216 438 3274 quum
451 3208 481 3256 et
494 3198 537 3256 illl
549 3207 580 3257 et
593 3217 645 3258 uos
656 3195 738 3256 llsunu
751 3199 793 3257 rei
808 3199 938 3274 publieue
952 3210 1033 3275 peste
1046 3217 1148 3274 peree-

151 3313 227 3354 mus.

193 3392 221 3447 4.
243 3389 353 3465 Quare,
364 3391 469 3450 Patres
483 3390 653 3468 conscripti,
662 3392 819 3452 iueumbite
833 3393 870 3450 sd
884 3393 1002 3450 sulutem
1018 3392 1061 3449 rei
1075 3393 1186 3468 pub-uo

152 3487 241 3546 liene:
257 3488 465 3564 circumspicite
474 3506 573 3546 ornnes
583 3489 733 3567 procellas,
743 3507 818 3564 quse
832 3489 1004 3565 impendent,
1015 3487 1069 3546 nisi
1082 3505 1147 3564 pro·

153 3583 265 3641 ridetis.
306 3573 450 3642 Nonwll.
466 3580 624 3654 Gracchus,
633 3585 710 3660 quod
716 3585 821 3644 iterum
834 3585 965 3642 tribunus
979 3583 1070 3660 plebis
1084 3583 1146 3641 fieri

192 3811 268 3866 m-
276 3812 298 3862 1.
332 3814 529 3875 *sun-⁸0⁵,
542 3815 613 3876 unt.

184 3891 219 3941 IL
251 3892 548 3955 multe-*rouo

184 3969 381 4026 mma—1.
413 3977 485 4034 ⁸212,
497 3973 531 4023 R.
543 3979 567 4033 2,
578 3973 761 4026 rte-seeo
781 3973 988 4027 les-*utum
1007 3975 1075 4026 ltu

187 4051 221 4101 11.
252 4054 525 4115 mensuruus.
575 4065 579 4072 ·
