2934 4692
580 421 609 467 0.
630 419 753 467 CAESIO·

410 678 680 741 EPISTOLA
719 678 926 738 xxv11.·

270 864 342 930 (Ser.
355 863 482 914 Brundisii
493 878 585 925 mense,
597 871 626 913 ut
636 863 741 924 videtur,
754 860 845 913 Sextili
855 860 889 911 Δ.
901 860 935 911 U.
948 859 978 913 0.
991 860 1057 926 707.)

351 992 384 1043 Α.
394 992 428 1043 U.
442 990 471 1043 0.
483 994 539 1042 707.
571 992 640 1041 Anto
650 989 679 1042 Ο.
689 990 721 1041 Ν.
731 991 771 1040 47.
804 989 875 1040 Armi
886 987 938 1040 Cic
949 994 988 1038 60.

192 1120 301 1172 c.Ju1..
321 1118 438 1173 cium
453 1121 489 1171 11.
506 1120 630 1181 Dictator,
646 1118 683 1169 M.
700 1118 850 1169 Asconius
867 1118 988 1184 Magister
1003 1118 1132 1183 Equitum.

175 1278 273 1342 Cnoeur,
291 1280 362 1332 belin
379 1280 552 1331 Alexandrino
569 1280 687 1340 coniecto,
700 1294 785 1329 mense
798 1278 936 1345 Septembri
947 1280 973 1329 in
989 1279 1089 1328 Italiam
1100 1278 1180 1341 rediit,

145 1359 211 1425 eique
225 1360 316 1411 Cicero
329 1362 431 1411 obvium
443 1361 567 1426 prooessit
602 1360 695 1411 Caesar
706 1369 733 1410 ut
744 1375 803 1409 curn
813 1360 859 1409 sibi
869 1374 995 1409 occurrere
1004 1359 1073 1418 vidit,
1082 1359 1181 1408 descen-

145 1441 185 1501 dit,
193 1456 303 1507 eumque
315 1441 442 1502 eeintuvit,
454 1456 512 1491 cnm
523 1455 601 1505 eoque
613 1440 756 1504 colloquens
766 1439 845 1489 multe
852 1440 934 1490 stadie
943 1440 1067 1503 prooessit
1100 1439 1181 1489 Panlo

145 1528 198 1585 poet
208 1520 305 1582 Cicero,
315 1522 362 1587 qui
373 1522 501 1587 hucusque
512 1521 640 1571 Brundisii
651 1529 818 1570 commoratus
828 1529 888 1580 eret,
900 1520 926 1569 iu
937 1519 1021 1568 urbem
1032 1520 1106 1568 venit,

175 1601 265 1651 Tribus
285 1604 409 1652 extremis
424 1602 448 1651 h.
463 1618 487 1651 s.
505 1602 631 1651 mensibus
649 1616 712 1651 cose.
730 1600 831 1650 inerunt
847 1600 880 1661 Q,
890 1600 977 1649 Fufius
990 1599 1098 1650 Calenus
1108 1608 1135 1649 et
1148 1600 1180 1650 P.

147 1678 268 1731 Vatinius⁴
306 1682 404 1734 Caesen
413 1682 461 1731 vl„
477 1682 535 1731 Kal.
552 1681 611 1732 Jcn.
624 1680 744 1745 Lilybaeo
758 1681 784 1729 in
797 1680 909 1729 Africum
921 1680 1023 1743 trajecit,
1035 1680 1128 1729 bellum
1139 1680 1183 1729 ed·

147 1774 227 1809 versus
244 1760 427 1827 Pompeianos,
446 1760 588 1826 Scipionem
604 1767 629 1811 et
641 1759 763 1811 Catonern
773 1768 799 1810 et
812 1758 906 1809 Jubcm
916 1758 1088 1808 'Mauritaniae
1098 1773 1182 1823 regem

146 1848 264 1903 gemm.

414 1986 459 2045 M.
482 1984 606 2085 Croeso
629 1983 659 2045 S.
682 1986 721 2044 D.
744 1983 778 2045 0.
800 1981 928 2045 (iussio.

186 2133 212 2189 1.
233 2130 302 2189 Etsi
315 2139 441 2206 uterque
454 2139 583 2187 nostrum
596 2124 659 2205 ¹spe
672 2129 753 2206 pacis
767 2136 797 2186 et
810 2128 876 2186 odio
889 2128 981 2186 civilis
995 2125 1142 2204 sanguinis

149 2228 244 2285 abesse
258 2247 277 2286 a
289 2226 365 2285 belli
377 2225 532 2284 necessarii
543 2224 700 2301 pertinacia
709 2225 808 2296 voluit,
816 2224 1065 2300 tamen‚qu0nium
1079 2223 1142 2300 ejus

151 2324 255 2383 consilii
269 2325 407 2401 princeps
422 2340 476 2399 ego
489 2320 578 2380 fuisse
593 2322 701 2392 videor,
716 2322 780 2397 plus
795 2319 916 2379 fortasse
929 2322 981 2379 tibi
994 2331 1141 2397 praestare

150 2420 207 2495 ipse
221 2420 314 2478 debeo
326 2438 415 2494 quum
427 2437 446 2478 c
455 2428 485 2476 te
496 2428 674 2494 exspectare.
716 2416 791 2488 Etsi,
802 2427 834 2474 ut
843 2435 931 2494 saepe
941 2418 1019 2475 soleo
1028 2436 1142 2476 mecum

151 2516 298 2587 reeordari,
314 2533 412 2573 sermo
431 2512 581 2573 familiaris
595 2532 676 2572 meus
691 2523 795 2585 tecum,
808 2521 838 2571 et
851 2513 921 2571 item
940 2532 1054 2571 mecum
1068 2522 1141 2585 tuus,
1166 2528 1181 2575 ι

151 2612 266 2670 adduxit
288 2622 446 2688 utrumque
470 2620 599 2669 nostrum
620 2610 658 2668 ad
679 2610 709 2667 id
732 2608 890 2681 eonsilium,
904 2616 937 2666 ut
957 2628 1014 2667 unc
1033 2610 1142 2686 proelio

152 2719 323 2785 putaremus,
339 2711 364 2768 si
385 2728 441 2768 non
461 2718 551 2767 totam
572 2726 699 2779 causam,
712 2716 743 2765 ut
757 2717 835 2766 certe
847 2704 987 2765 ²nostrum
1000 2705 1142 2781 judicium

153 2804 258 2863 definiri
268 2807 435 2866 convenire.
459 2800 574 2881 'Neque
586 2804 739 2880 quisquam
750 2804 825 2862 hunc
834 2812 961 2861 nostrum
972 2805 1143 2862 sententiam

153 2920 217 2961 vere
230 2924 363 2980 uuquam
382 2902 568 2980 reprehendit
588 2911 703 2979 praeter
716 2920 774 2972 eos,
787 2902 838 2976 qui
851 2900 1027 2959 arbitrantur
1039 2901 1142 2958 melius

155 3017 211 3058 esee
224 3002 315 3059 deleri
330 3000 446 3060 omnino
459 3018 521 3059 rem
534 3000 679 3076 publicam
693 3018 781 3075 quum
793 2995 985 3057 ⁸imminutum
999 3006 1029 3055 et
1042 2989 1183 3056 debili-'ro

155 3104 238 3155 tetum
250 3116 378 3157 manere.
420 3097 487 3175 Ego
497 3108 592 3156 autem
604 3116 642 3155 cx
656 3097 773 3153 interitu
785 3093 847 3170 ejus
858 3094 968 3153 nullum
978 3114 1059 3171 spem
1070 3094 1143 3153 scili-

156 3202 198 3251 cet
208 3196 279 3253 mihi
293 3196 498 3273 proponebam,
509 3214 547 3253 ex
558 3194 686 3269 reliquiis
697 3211 841 3269 magnam.
883 3192 911 3249 2.
952 3191 1011 3251 Sed
1021 3190 1067 3249 ⁴eu
1077 3199 1144 3249 sunt

157 3301 310 3363 consecute,
325 3300 357 3349 ut
370 3292 461 3367 magis
475 3291 581 3347 mirum
595 3291 632 3348 sit
646 3290 776 3348 accidere
787 3288 837 3346 ille
850 3290 983 3364 potuisse,
993 3308 1080 3363 quam
1091 3306 1143 3345 nos

156 3402 209 3443 uon
228 3388 337 3447 vidisse
358 3405 394 3446 ea
413 3387 518 3458 futura,
532 3406 594 3458 nec,
608 3387 738 3444 homines
752 3404 842 3461 quum
862 3403 999 3453 essemus,
1012 3384 1143 3441 divinare

157 3484 284 3555 potuisse.
327 3483 473 3559 Equidem
486 3482 579 3541 fatcor
592 3502 687 3540 meam
701 3481 894 3558 conjecturem
910 3482 984 3539 hane
996 3479 1093 3550 fuisse,
1103 3488 1143 3551 ut,
1153 3492 1184 3539 15

158 3577 203 3637 iilo
226 3581 307 3655 quasi
331 3581 456 3656 quodam
478 3578 571 3638 ifuttuli
592 3581 701 3656 proelio
721 3578 806 3650 fecto,
820 3587 850 3637 et
863 3580 986 3637 victores
1000 3578 1143 3636 communi

160 3672 238 3731 saluti
250 3677 359 3735 consuli
372 3676 482 3733 velient
495 3685 524 3733 et
537 3676 606 3734 victi
620 3694 708 3743 sune;
728 3671 895 3751 ‘utrumque
908 3685 1005 3732 cutem
1020 3673 1144 3750 positum

161 3790 217 3831 csse
231 3776 365 3833 arbitrari
378 3776 408 3833 iu
422 3776 570 3833 celeritate
586 3774 710 3833 victoris.
750 3770 847 3849 'Quae
861 3774 886 3832 si
900 3772 1009 3843 fuisset,
1023 3773 1144 3830 eandem

162 3868 334 3931 clementium
355 3882 477 3949 experta
490 3881 566 3931 esset
579 3871 689 3943 Africa,
702 3868 801 3947 ⁸qunm
815 3870 949 3947 cognovit
961 3869 1044 3941 Asia,
1057 3887 1144 3944 quum

526 4048 545 4087 *¹
561 4047 604 4098 Ad
615 4046 687 4098 Fam.
699 4048 761 4099 XV.
774 4052 812 4098 15.
