2934 4692
588 414 622 457 u.
642 413 756 459 mro.
1127 399 1185 459 809

147 580 207 641 sed
220 578 304 639 nimis
318 576 483 637 verecunde
496 574 565 635 mihi
586 575 747 653 gratularis.
788 575 880 635 Putas
894 577 980 646 enim,
993 585 1026 634 ut
1038 576 1149 649 scribis,

149 686 272 753 propter
295 674 418 732 hominis
441 673 539 733 sordes
561 674 657 731 minus
679 690 725 731 me
747 691 883 748 magnam
905 673 985 731 illam
1007 673 1148 731 laetitiam

148 784 265 849 putare
309 768 419 828 Credas
433 770 504 827 mihi
514 769 602 826 velim
614 769 705 845 magis
716 787 763 826 me
772 767 882 844 judicio
893 770 948 828 boe
958 789 1045 846 quam
1055 779 1148 829 morte

147 864 272 925 ’inimici
286 867 434 924 hetatum.
475 863 610 923 Primum
624 864 700 921 enim
709 862 820 939 judicio
833 860 930 924 ιοιιιιιΙο
943 884 1030 941 quam
1044 866 1149 943 gladio,

147 962 257 1021 deiude
277 962 370 1039 gloria
389 957 503 1037 llpotius
524 960 609 1017 amici
622 978 708 1034 quam
723 959 893 1017 calamitate.
932 958 969 1017 In
988 961 1147 1037 primisque
1170 976 1186 1021 u

147 1076 199 1115 me
219 1056 376 1115 delectavit
396 1064 507 1113 tautum
526 1054 652 1113 studium
666 1055 807 1112 bonorum
820 1055 851 1111 in
863 1073 911 1114 mo
924 1057 1068 1113 exstitisse
1082 1076 1148 1115 oon·

147 1164 198 1212 tra
211 1152 409 1211 incredibilem
425 1152 635 1211 contentionem
648 1146 820 1209 l'clarissimi
834 1160 864 1209 et
878 1152 1067 1227 potentissimi
1081 1153 1146 1211 viri.

148 1249 179 1309 3.
201 1249 364 1320 Postremo,
377 1248 443 1327 (vix
458 1248 614 1307 verisimile
628 1246 750 1306 sortasse
760 1248 916 1327 videatuq)
928 1249 1046 1307 oderam
1056 1251 1148 1308 multo

148 1345 235 1423 pejus
256 1347 335 1406 hunc
347 1364 434 1421 quam
454 1345 536 1403 illum
556 1344 650 1421 ipsum
667 1342 808 1403 Clodium.
848 1344 936 1403 Illum
949 1347 1025 1423 enim
1038 1366 1148 1423 oppug-

147 1461 263 1513 naram,
277 1442 354 1500 hunc
367 1440 561 1500 defenderam.
603 1440 645 1498 Et
657 1440 814 1515 illaquam
826 1440 918 1499 omnis
932 1459 979 1499 res
991 1441 1145 1518 publieain
1155 1455 1186 1503 10

148 1556 217 1597 meo
231 1538 325 1614 capite
341 1538 494 1596 discrimen
504 1546 580 1595 esset
594 1537 737 1607 habitura,
745 1555 883 1613 magnum
892 1537 1029 1612 quiddam
1037 1549 1147 1614 specta·

149 1636 213 1703 uit;
232 1654 288 1693 nec
307 1653 361 1693 sua
380 1642 489 1709 sponte,
503 1633 555 1691 sed
575 1652 676 1691 eorum
690 1633 809 1701 auxilio,
822 1634 882 1708 qui,
893 1652 941 1691 me
954 1643 1055 1705 stante,
1069 1644 1146 1693 stare

150 1749 208 1789 non
223 1738 371 1806 poterant:
391 1729 439 1787 hic
453 1727 581 1787 simiolus
594 1724 703 1785 lianinri
716 1746 805 1787 causa
817 1746 872 1800 me,
885 1728 915 1785 in
928 1747 1015 1804 quem
1027 1730 1147 1789 invebe-

151 1837 240 1897 retur,
262 1826 409 1902 delegerat
430 1834 670 1901 persuaseratque
691 1825 835 1882 nonnullis
855 1825 960 1883 invidis
980 1826 1052 1883 meis
1070 1845 1102 1884 sa
1114 1827 1146 1884 in

150 1941 199 1981 me
213 1922 394 1981 emissarium
408 1940 523 1998 semper
543 1919 612 1979 fore.
655 1919 850 1994 Quamobrem
866 1921 951 1979 valde
967 1919 1056 1996 jubeo
1075 1936 1185 1998 gau-lt

151 2020 221 2079 dere
236 2028 284 2077 te:
305 2038 470 2097 magnares
485 2028 567 2097 gesta
581 2026 632 2077 est.
673 2017 843 2093 Numquam
858 2017 908 2074 ulli
921 2016 1054 2075 fortiores
1067 2019 1145 2077 cives

151 2114 278 2186 tirerunt,
291 2134 379 2191 quam
399 2115 450 2191 qui
470 2115 534 2173 ausi
555 2124 621 2173 sunt
639 2132 705 2173 eum
720 2123 819 2173 contra
832 2122 926 2172 tantas
939 2132 1008 2189 opes
1022 2113 1093 2188 ejus,
1106 2112 1145 2173 l‘a

152 2232 211 2288 qno
232 2212 287 2289 ipsi
310 2212 377 2270 lecti
399 2210 515 2286 judices
542 2220 632 2281 erant,
656 2211 856 2269 condemnare
898 2209 985 2284 Quod
1012 2210 1146 2269 fecissent

152 2328 310 2383 nunquam,
323 2308 378 2365 nisi
400 2308 436 2366 iis
451 2308 541 2367 dolori
564 2325 646 2365 meus
670 2305 772 2364 diisset
785 2306 879 2363 dolor:
915 2306 942 2362 4.
963 2304 1025 2363 Nos
1045 2304 1093 2365 bic
1112 2307 1143 2364 in

152 2404 335 2461 multitudine
350 2411 379 2461 et
399 2404 563 2463 celebritate
578 2401 754 2477 judiciorum
768 2410 798 2459 et
810 2401 894 2459 novis
906 2400 1019 2477 legibus
1033 2402 1074 2459 ita
1088 2401 1184 2462 dis-tu

154 2500 287 2571 tinemut,
300 2508 333 2557 ut
345 2499 473 2575 quotidie
486 2508 554 2557 vota
567 2496 716 2566 faciamus,
727 2492 786 2555 ¹'nc
804 2495 999 2569 intercaletur,
1011 2504 1044 2554 ut
1057 2515 1145 2572 quam

153 2596 278 2673 primum
292 2602 322 2653 te
334 2594 435 2654 ridere
448 2595 597 2671 possimus.

443 2922 715 2985 EPISTOLA
755 2923 895 2983 ms

155 3082 218 3147 (Ser.
225 3084 252 3134 in
263 3083 350 3135 itinere
360 3083 486 3134 massis
496 3084 529 3133 ad
541 3082 656 3148 Cybistra
666 3083 691 3132 in
704 3082 818 3143 Ciliciam
825 3082 908 3133 medio
916 3081 984 3147 Sept
993 3081 1027 3133 A.
1037 3082 1070 3133 U.
1079 3080 1107 3134 0.
1116 3082 1181 3145 703.)

321 3208 355 3259 A.
374 3209 407 3261 U.
423 3208 453 3260 Ο.
470 3212 525 3260 703.
559 3209 627 3260 Ante
646 3209 675 3260 C.
693 3210 725 3259 N.
743 3214 782 3259 51.
813 3209 884 3259 Anni
903 3208 955 3260 cic.
974 3213 1012 3259 tt.

232 3336 304 3389 coss.
321 3337 385 3389 Sua.
405 3336 557 3389 Sumturus
574 3338 680 3400 Rurns,
698 3338 736 3389 M.
755 3337 900 3389 cmunrus
917 3337 1097 3388 Miseratus.

184 3482 270 3545 Quum
286 3483 410 3547 superiora
426 3498 492 3533 anuo
509 3492 609 3533 scamus
620 3484 734 3533 consulto
746 3490 846 3533 cautum
855 3491 927 3543 essct,
938 3482 1035 3546 nequis
1046 3482 1183 3545 praetorius

153 3574 194 3613 ant
204 3564 340 3613 consularis
353 3564 417 3613 intra
428 3566 624 3630 quinquennium
634 3567 660 3615 in
671 3566 825 3629 provinciam
836 3565 889 3625 iret,
900 3564 979 3613 coacti
989 3571 1047 3611 sunt
1057 3562 1075 3610 ii
1086 3563 1183 3626 provin·

153 3640 201 3691 ciss
212 3644 393 3706 administrare,
406 3647 449 3710 qui
462 3646 487 3695 in
498 3662 540 3696 eas
551 3662 565 3697 e
576 3648 706 3697 consulatu
717 3655 743 3696 et
752 3655 867 3711 praetura
877 3646 988 3695 nondum
997 3644 1100 3692 iverant.
1134 3642 1183 3692 Its·

153 3736 198 3787 qus
217 3720 331 3773 Ciceroni
349 3726 436 3791 obtigit
458 3726 546 3777 Cilicia
563 3742 607 3793 pro
627 3727 727 3777 musula
747 3728 931 3793 regendarum
946 3724 1056 3773 exercitu
1071 3722 1183 3788 peditum

153 3802 212 3853 ΧΠ.
230 3820 275 3867 rm,
290 3807 401 3871 equitum
417 3806 535 3858 MMDc.

184 3884 476 3952 tumutinprorinets
483 3886 535 3952 Ap.
547 3886 659 3938 Claudio.
683 3886 835 3937 Iaodioesm
844 3886 871 3936 in
882 3886 1035 3951 monadum
1041 3883 1110 3934 vonit
1119 3882 1183 3948 prid

154 3962 207 4015 nt
219 3965 292 4018 Sext

533 4100 551 4140 *⁸
567 4101 610 4152 Ad
623 4100 695 4151 Fam.
706 4100 767 4150 XV.
779 4106 801 4151 2.
