2934 4692
611 248 624 285 i

586 438 619 479 rc
641 436 771 483 esrom.
1134 423 1193 483 315

151 600 305 665 sinibus
333 618 395 659 esse
420 596 547 672 Ciliciae,
570 618 658 675 quam
685 600 765 675 potui
788 600 924 659 maximis
947 600 1097 661 itineribus
1117 602 1155 661 ad

151 703 304 761 Amanum
318 695 480 756 exercitum
494 696 574 754 duxi.
616 694 682 770 Quo
693 704 724 753 ut
736 697 810 768 veni,
823 695 934 755 hostem
945 698 982 755 ab
992 697 1155 757 Antiochea

151 796 316 866 recessiaee,
344 790 495 851 'Bibulum
520 792 700 850 Antiocheae
725 810 788 851 esse
811 793 951 869 cognovi:
983 792 1154 853 Deiotarum

150 894 304 954 confestim
327 892 391 968 jam
412 891 450 949 ad
469 908 517 947 me
531 890 693 947 venientem
708 907 773 947 cum
787 907 892 965 magno
905 898 935 947 et
948 890 1032 947 firmo
1045 890 1155 965 equita-

149 1000 180 1049 tu
194 998 224 1049 et
242 989 380 1067 peditatu
404 994 433 1046 ct
454 1002 518 1043 cum
532 984 664 1043 omnibus
686 984 745 1041 suis
759 984 848 1059 copiis
861 985 1012 1043 certiorem
1028 984 1084 1044 feci
1097 1005 1153 1045 non
1177 1000 1193 1047 t

149 1086 243 1144 rideri
269 1104 339 1144 esse
362 1101 487 1155 causam,
510 1098 563 1140 our
586 1081 700 1139 abesset
723 1098 742 1138 a
759 1098 857 1157 regno,
871 1098 976 1155 meque
989 1081 1027 1139 ad
1040 1100 1115 1152 eum,
1128 1083 1154 1141 si

151 1182 219 1259 quid
232 1182 306 1240 nori
322 1181 397 1240 forte
408 1179 565 1250 accidisset,
580 1176 677 1235 statim
691 1176 802 1233 litteras
815 1176 986 1251 nuntiosque
999 1177 1154 1237 missurum

150 1296 221 1337 esse.
264 1280 296 1336 8.
321 1277 476 1353 Quumque
491 1294 525 1335 eo
539 1274 635 1333 animo
645 1273 800 1342 venissem,
810 1280 842 1330 ut
851 1273 966 1347 utrique
980 1274 1153 1348 provinciae,

151 1375 175 1433 si
195 1376 237 1433 ita
260 1383 383 1451 tempus
403 1373 500 1445 ferret,
514 1370 707 1440 subvenirem,
721 1377 783 1425 tum
796 1368 835 1439 id,
848 1368 926 1443 quod
941 1366 1003 1443 jam
1017 1378 1084 1427 aute
1097 1379 1154 1427 sta·

149 1480 264 1529 tueram
293 1472 486 1529 vehementer
511 1470 651 1527 interesse
677 1464 828 1541 utrimque
848 1464 1021 1540 provinciae,
1047 1482 1152 1540 pacare
1162 1476 1193 1525 10

153 1565 303 1625 Amanum
326 1576 356 1625 et
377 1575 546 1644 perpetuum
565 1566 678 1623 hostem
699 1580 739 1621 ex
758 1580 795 1621 eo
815 1569 912 1619 monte
936 1559 1044 1631 tollere,
1064 1579 1153 1637 agere

153 1665 279 1740 perrexi.
326 1662 485 1738 Quumque
504 1681 552 1721 me
571 1662 720 1720 discedere
740 1660 778 1718 ab
799 1677 835 1717 eo
854 1666 951 1716 moute
972 1657 1152 1716 simulassem

156 1770 183 1819 ct
204 1760 280 1819 alias
302 1772 402 1838 partes
426 1758 545 1819 Ciliciae
566 1770 674 1837 petere,
697 1760 888 1832 abessemque
908 1756 947 1813 ab
968 1755 1085 1813 Amano
1098 1755 1154 1813 iter

154 1856 236 1914 unius
261 1856 334 1927 diei,
352 1864 381 1913 et
401 1865 495 1914 castra
515 1854 593 1931 apud
608 1854 810 1931 Epiphaneam
824 1851 965 1921 iecissem,
979 1869 1005 1907 a.
1027 1850 1054 1909 d
1075 1849 1152 1907 1111.

155 1950 223 2010 ldus
242 1950 398 2023 Octobres,
411 1970 501 2027 quam
521 1951 784 2027 advesperasceret,
804 1949 940 2025 expedito
961 1947 1091 2006 exercitu
1111 1948 1193 2007 itata

155 2055 239 2105 noctu
259 2048 320 2105 iter
339 2046 404 2117 ieci,
425 2056 456 2104 ut
476 2066 502 2104 a.
523 2047 550 2103 d
570 2046 629 2103 111.
643 2046 713 2105 Idus
727 2044 875 2116 Octobres,
890 2064 980 2122 quum
994 2046 1153 2117 lucisoaret,

156 2142 186 2199 in
199 2142 352 2201 Amanum
366 2142 558 2213 ascenderem,
573 2142 790 2218 distributisque
803 2143 966 2201 cohortibus
980 2152 1011 2199 ct
1024 2142 1150 2212 auxiliis,

158 2256 244 2313 quum
258 2240 326 2297 aliis
343 2238 379 2314 Q.
392 2238 483 2297 irater
495 2238 606 2315 legatus
620 2256 733 2297 mecum
745 2239 838 2309 simul,
846 2239 909 2297 aliis
922 2236 955 2297 C.
971 2237 1153 2313 Pomptinius

158 2334 276 2412 legatus,
290 2336 412 2411 reliquis
426 2334 469 2393 Μ.
482 2335 616 2393 Anneius
630 2344 659 2393 et
673 2335 708 2393 L.
722 2335 853 2395 Tulleius
868 2337 955 2414 legati
969 2343 1153 2413 praeessent,

159 2432 311 2508 plerosque
333 2432 537 2509 necopinantes
550 2432 754 2508 oppressimus,
766 2434 817 2509 qni
830 2434 915 2493 occisi
930 2433 1064 2509 captique
1077 2440 1192 2503 suntal)

159 2526 306 2587 interclusi
319 2528 397 2605 iuga
439 2528 568 2587 Eranam
581 2538 689 2599 autem,
699 2548 776 2605 quae
789 2529 846 2588 tuit
857 2550 916 2589 nou
926 2531 983 2589 vici
994 2532 1091 2601 instar,
1101 2528 1152 2587 sed

160 2624 243 2696 urbis,
257 2626 338 2701 quod
357 2634 421 2683 erat
434 2625 542 2683 Amani
562 2633 657 2701 eaput,
672 2626 797 2701 itemque
819 2625 963 2705 Sepyram
976 2634 1006 2685 et
1021 2624 1153 2685 Commo-

161 2718 220 2791 rim,
240 2723 348 2781 acriter
371 2732 400 2779 ct
422 2722 473 2779 diu
496 2723 732 2799 repugnantibus,
753 2722 920 2801 Pomptinis
939 2724 1020 2782 illam
1040 2730 1153 2798 partem

162 2812 266 2876 Amani
283 2828 408 2891 tenente,
422 2837 461 2878 ex
474 2818 644 2877 antelucano
665 2828 795 2896 tempore
816 2820 959 2895 usquead
980 2820 1079 2878 horam
1094 2817 1152 2876 diei

163 2910 307 2987 decimam,
328 2934 434 2991 magna
453 2915 634 2975 multitudiue
655 2917 781 2975 hostium
801 2918 903 2988 occisa,
923 2917 1069 2992 cepimue3
1090 2926 1191 2974 cas-tt

163 3008 283 3085 taliaque
302 3030 356 3071 sex
375 3020 477 3088 captat
497 3012 644 3088 complura
664 3013 853 3073 incendimus.
893 3013 920 3069 9.
943 3012 999 3069 His
1012 3013 1097 3070 rebus
1111 3011 1152 3069 ita

165 3106 254 3179 gestis,
267 3118 362 3167 castra
375 3108 405 3166 in
419 3108 562 3167 radicibus
576 3109 683 3167 Amani
704 3110 857 3169 habuimus
871 3110 949 3185 apud
969 3109 1047 3167 Aras
1061 3107 1153 3165 Alex-

165 3201 241 3259 andri
261 3204 454 3279 quatriduum,
474 3212 504 3261 et
528 3206 558 3262 iu
578 3205 709 3281 reliquiis
728 3201 848 3263 ⁸Amani
869 3205 997 3263 delendis
1017 3204 1151 3279 agrisque

166 3298 313 3370 vastandis,
328 3318 402 3374 quae
417 3318 482 3375 pars
497 3298 561 3375 ejus
574 3302 678 3359 montis
692 3318 774 3358 meae
794 3299 960 3376 provinciae
974 3308 1026 3369 est,
1039 3297 1068 3354 id
1083 3306 1153 3353 tem·

166 3404 215 3463 pus
225 3410 307 3451 omne
318 3395 553 3469 consumpsimus.
590 3397 635 3453 10.
654 3394 798 3454 &nicetio
809 3394 955 3461 hisrebus,
966 3394 1003 3451 ad
1013 3391 1150 3468 oppidum
1158 3402 1192 3449 80

167 3482 435 3549 Eleutherocilicum
447 3490 651 3551 Pindenissum
662 3492 822 3550 exercitum
834 3490 941 3548 adduxi
954 3512 961 3556 ;
974 3488 1152 3564 quodquam

168 3592 237 3640 emet
255 3585 392 3644 altissimo
413 3596 442 3645 et
460 3590 652 3647 munitissimo
672 3589 733 3647 loco
748 3589 785 3646 ab
804 3588 895 3662 iisque
909 3586 1088 3654 incoleretur,
1101 3583 1152 3660 qui
1178 3622 1183 3631 ·

162 3690 202 3731 'aa
215 3680 326 3754 regibus
340 3683 456 3757 quidem
471 3702 597 3759 anquam
612 3684 792 3760 paruissent;
812 3700 904 3757 quum
918 3690 947 3740 et
960 3680 1095 3757 fugitivos
1108 3698 1152 3737 re·
1196 3673 1198 3676 ’

169 3768 289 3845 dpereat
308 3784 337 3835 ct
358 3777 533 3837 Parthorum
553 3778 708 3836 adveutum
729 3778 871 3837 acerrime
890 3784 1101 3853 exspectarent,
1114 3774 1152 3834 ad

167 3868 403 3933 existimationem
415 3874 529 3949 imperii
547 3875 691 3950 pertinere
712 3875 867 3933 arbitratus
879 3891 944 3931 sum
963 3872 1191 3948 comprimemus

173 3976 262 4025 mrum
273 3970 428 4041 audaciam,
436 3988 495 4046 quo
504 3969 616 4029 facilius
626 3970 712 4028 etiam
724 3978 886 4027 ceterorum
896 3967 994 4038 animi,
1004 3968 1054 4043 qui
1064 3967 1151 4025 alieni

174 4072 261 4123 aaut
278 4067 315 4126 ab
333 4067 456 4144 imperio
474 4076 580 4139 nostro,
599 4065 811 4142 frangerentur.
850 4063 938 4123 Vallo
959 4073 989 4124 et
1007 4064 1085 4124 fossa
1098 4066 1152 4124 eir·
