2934 4692
285 416 344 475 316
612 432 792 477 uersroasa
811 431 994 477 proruente.

240 646 242 651 .
324 592 476 661 eumdedi;
503 612 556 651 sex
577 592 701 653 castellis
724 594 881 669 castrisque
907 593 1042 652 maximis
1065 594 1178 670 saepsi3
1197 610 1313 671 aggere,

323 689 425 759 vineis,
446 689 571 747 turribus
592 690 776 766 oppugnavi3
796 708 922 764 ususque
934 690 1082 746 tormentis
1103 689 1208 760 multis,
1219 692 1313 750 multis

324 784 487 861 sagittariis,
508 802 613 860 magno
633 785 730 843 labore
754 802 828 855 meo,
841 785 903 841 sine
927 783 986 841 ullu
1008 784 1141 843 molestia
1162 798 1312 861 sumptuve

324 881 472 951 sociorum,
486 880 607 955 septimo
620 880 858 957 quinquagesimo
871 880 918 937 die
931 898 993 938 rem
1007 880 1125 953 confeci,
1138 891 1172 939 ut
1185 882 1313 941 ornatius

298 976 452 1054 spartibus
472 976 551 1034 urbis
564 976 728 1033 disturbatis
743 976 930 1034 antinoensis
944 978 1084 1053 eompulsi
1098 979 1128 1035 in
1146 988 1312 1054 potestatur

323 1090 418 1129 meatu
438 1071 631 1147 pervenirent.
673 1070 729 1128 His
750 1079 833 1128 eram
852 1071 965 1129 finitimi
985 1074 1051 1149 pati
1064 1074 1175 1131 scelere
1188 1082 1220 1131 et
1233 1074 1313 1131 ouda·

324 1168 369 1226 eia
390 1168 547 1234 Tibarani;
568 1168 604 1225 ab
619 1167 662 1238 iis,
675 1166 848 1225 Pindenisso
860 1177 954 1245 eapto,
967 1170 1082 1228 obsides
1095 1169 1195 1246 accepi
1207 1192 1216 1235 ;
1235 1186 1313 1227 exer-

323 1265 412 1323 eitum
427 1264 455 1320 in
470 1263 591 1321 hibet-ns
603 1263 707 1320 dimisi.
750 1262 787 1337 Q.
801 1262 923 1322 fratrem
935 1266 1051 1342 negotio
1064 1266 1229 1342 praeposui,
1243 1275 1274 1321 nt
1284 1264 1312 1321 in

323 1360 394 1419 visis
414 1368 465 1418 aut
484 1361 574 1436 esptis
592 1368 644 1417 aut
657 1359 732 1417 male
747 1362 858 1437 paemis
871 1364 1016 1421 exereitus
1030 1362 1229 1421 eolloearetnr.
1271 1364 1311 1417 ll.

285 1468 317 1518 1⁰
325 1456 412 1514 Nune
425 1456 512 1515 velim
533 1456 574 1515 sie
587 1456 639 1514 tibi
664 1458 845 1533 persuadens,
863 1460 887 1517 si
901 1459 937 1518 de
957 1460 1002 1517 his
1021 1460 1107 1516 rebus
1126 1459 1164 1515 ad
1184 1467 1312 1517 senatun

323 1551 445 1610 relatum
466 1553 510 1622 sit,
523 1570 569 1609 me
590 1552 821 1611 existimaturum
841 1574 983 1613 summam
1002 1555 1074 1613 mihi
1094 1555 1211 1640 leudem
1230 1556 1311 1611 tribe

323 1658 390 1720 tam,
405 1650 429 1707 si
443 1660 473 1707 tu
487 1650 624 1707 honorem
638 1670 735 1709 meum
748 1654 891 1711 sententia
903 1662 954 1710 tua
966 1651 1167 1727 comprobetis.
1214 1650 1310 1726 quue,

323 1746 377 1805 etsi
391 1746 495 1804 talibus
517 1746 553 1804 de
573 1748 659 1805 rebus
681 1748 864 1825 gravissimos
878 1748 1007 1806 homines
1019 1757 1049 1805 et
1062 1766 1165 1824 rogare
1179 1747 1274 1806 solere
1285 1759 1310 1805 et

323 1844 418 1920 rugari
439 1844 507 1915 seio,
521 1853 616 1903 temen
638 1845 849 1903 admonendum
868 1845 961 1921 potius
975 1854 1005 1902 te
1016 1862 1036 1901 a
1048 1863 1095 1903 me
1108 1862 1196 1919 quam
1211 1862 1311 1920 rogen·

285 1939 392 2001 ludum
406 1950 483 2017 puto
525 1939 572 1998 Tu
586 1959 618 1998 es
632 1942 709 1999 enim
728 1942 761 2011 is,
774 1937 835 2016 ⁹qui
854 1958 901 1998 me
915 1940 972 1999 tuis
985 1941 1133 1999 sententiis
1146 1941 1311 2016 saepissime

324 2041 451 2106 ornasti;
473 2037 522 2115 qui
535 2040 672 2109 oratione,
686 2039 735 2114 qui
751 2038 970 2114 praedieatione,
984 2037 1033 2112 qui
1048 2037 1166 2095 summis
1179 2038 1310 2095 laudibus

323 2136 353 2194 in
368 2147 478 2208 senatu,
493 2136 522 2193 in
537 2134 714 2193 contionibus
729 2134 767 2191 ad
786 2134 899 2191 eaelum
912 2133 1059 2200 extulisti;
1077 2131 1159 2207 eujus
1173 2152 1230 2210 ego
1243 2150 1312 2191 seu-

323 2252 377 2310 per
397 2242 477 2291 tanta
501 2249 564 2291 esse
585 2232 741 2289 verborum
761 2230 890 2305 pondera
913 2230 1064 2306 putarint
1084 2247 1142 2287 uno
1155 2230 1248 2289 verbo
1264 2238 1311 2287 tuo

323 2349 390 2389 eum
409 2348 476 2387 mea
495 2329 581 2387 laude
601 2326 751 2403 eonjuneto
764 2327 861 2385 omnia
873 2326 988 2402 assequi
1001 2343 1048 2384 me
1061 2326 1227 2385 arbitrarer.
1268 2325 1310 2384 Te

282 2429 446 2505 todenique
467 2427 593 2499 memini,
606 2446 694 2503 quum
715 2425 828 2483 cuidam
849 2423 1006 2483 clarissimo
1025 2434 1112 2498 atque
1129 2423 1239 2499 optimo
1251 2422 1311 2481 viro

323 2522 578 2603 ¹⁰supplicationem
586 2541 644 2582 non
653 2522 832 2591 decerneres,
840 2520 937 2578 dicere
947 2528 977 2578 te
987 2519 1177 2588 decreturum,
1188 2520 1213 2575 si
1224 2517 1311 2577 refer*

323 2632 388 2681 etur
406 2624 443 2681 ob
463 2642 512 2681 ess
532 2642 588 2694 res,
601 2616 694 2696 ¹1quas
708 2619 733 2676 is
747 2617 844 2676 consul
858 2617 887 2673 in
902 2616 973 2674 urbe
993 2616 1134 2691 gessisset.
1174 2614 1221 2672 Tu
1236 2614 1311 2673 idem
1425 2615 1426 2618 ’

322 2719 392 2776 mihi
407 2720 642 2796 supplicationem
655 2714 806 2773 decrevisti
821 2721 925 2788 togato,
939 2730 1005 2782 non,
1018 2720 1050 2768 ut
1059 2710 1163 2781 multis,
1176 2729 1208 2767 re
1223 2711 1312 2786 publi·

323 2818 439 2875 oabene
449 2827 538 2893 gesta,
548 2817 606 2888 sed,
617 2824 650 2873 ut
659 2812 776 2881 nemini,
784 2830 816 2867 re
827 2809 942 2886 publius
951 2820 1127 2867 conservata
1162 2808 1209 2864 12.
1222 2804 1311 2865 ”Mis

282 2922 315 2971 25
325 2920 360 2981 to,
369 2914 446 2987 quod
455 2913 600 2983 invidiam,
609 2912 685 2987 quod
696 2908 832 2987 pericula,
842 2904 918 2981 quod
932 2922 1030 2963 omnes
1039 2922 1118 2961 meas
1128 2913 1311 2980 tempestates

322 3018 352 3065 et
365 3009 485 3066 subieris
496 3018 525 3066 et
539 3010 628 3066 multo
642 3008 727 3065 etiem
743 3004 843 3079 magis,
853 3002 878 3057 si
891 3018 945 3076 per
954 3017 1002 3057 me
1012 2999 1145 3069 licuisset,
1156 3000 1253 3057 subire
1262 3018 1311 3075 pa·

321 3104 479 3162 ratissimus
493 3104 590 3173 t'ueris,
603 3104 680 3180 quod
694 3102 818 3177 denique
829 3095 998 3155 ¹’inimicum
1011 3114 1106 3155 meum
1120 3104 1203 3153 tuum
1218 3096 1311 3153 iuimi-

321 3218 386 3257 cum
398 3201 525 3277 putaris;
545 3199 625 3275 cujus
638 3200 724 3257 etiam
735 3196 890 3265 interitum,
900 3202 931 3251 ut
942 3190 1025 3250 facile
1035 3192 1232 3268 intelligerem,
1240 3193 1310 3251 mihi

321 3306 460 3371 quantum
471 3296 621 3367 tribueres,
630 3295 749 3353 Milonis
759 3312 846 3352 esusa
855 3292 884 3348 in
899 3298 1000 3348 senatu
1014 3287 1197 3346 defendenda
1209 3306 1311 3365 appru-

281 3392 408 3451 eobaris.
450 3390 479 3449 Α
494 3410 540 3451 me
554 3401 649 3450 antem
664 3392 736 3449 haee
748 3398 816 3447 sunt
828 3385 963 3465 profecta
978 3402 1053 3460 quae
1067 3402 1121 3459 ego
1135 3385 1165 3440 in
1179 3386 1310 3469 bened&

320 3487 382 3547 loeo
391 3508 447 3547 non
458 3508 533 3565 pono
543 3490 592 3547 sed
603 3489 632 3544 in
643 3488 702 3546 veri
712 3485 866 3544 testimonii
875 3493 962 3559 atque
968 3481 1117 3557 judieii,ut
1126 3482 1310 3556 praestantis·

320 3585 407 3642 simas
422 3594 485 3643 tuas
499 3586 619 3643 virtutes
633 3604 688 3642 non
704 3584 806 3642 taeitos
819 3582 992 3647 admirarer;
1013 3579 1092 3656 (quis
1106 3578 1184 3635 eninr
1199 3580 1228 3635 in
1241 3580 1310 3638 teto

320 3698 376 3738 non
388 3679 455 3739 fucit
463 3680 490 3759 ?)
507 3682 558 3740 sed
568 3683 596 3739 in
607 3682 739 3739 omnibus
748 3678 932 3748 orationibus,
940 3676 1088 3735 sententiis
1098 3674 1236 3745 dicendis,
1244 3692 1310 3734 eru·

320 3776 360 3833 sis
371 3778 497 3853 agendis,
505 3778 636 3835 omnibus
650 3776 770 3852 seriptis,
781 3773 901 3834 Graecis
913 3772 1033 3843 Latinis,
1041 3772 1118 3830 omni
1127 3771 1311 3846 deniquere-

280 3882 312 3931 att
321 3872 423 3931 rietate
433 3874 591 3930 litterarum
603 3881 774 3936 mearum,te
784 3888 840 3928 non
850 3870 934 3927 modo
942 3869 986 3937 iis,
992 3886 1063 3943 quos
1071 3867 1310 3937 vidissemuased

320 3967 364 4037 iis,
378 3968 529 4043 dequibus
543 3968 727 4034 audissemus,
744 3967 875 4024 omnibus
886 3964 1067 4023 anteferrem.
1109 3964 1155 4021 13.
1177 3962 1308 4038 Quaeres
1420 3967 1421 3996 ¹

320 4060 448 4135 fortusse,
457 4064 528 4139 qnid
541 4065 586 4135 sit,
595 4062 672 4140 quod
686 4080 740 4139 ego
753 4061 808 4120 hoe
820 4061 917 4119 neseio
926 4059 997 4135 quid
1010 4059 1209 4136 gruttrlatioois
1218 4060 1309 4119 etho·
