2934 4692
288 442 347 502 8⁰6
615 452 792 498 uorsuonus
813 452 995 497 crcusorus.

329 619 392 677 dico
405 614 564 687 ’mercedis
577 622 717 691 quantum
730 622 836 691 poscet,
849 611 977 690 promitti
984 609 1104 687 jubeto:
1124 608 1154 665 id
1165 608 1271 686 scripsi
1280 610 1314 669 ud

330 715 487 776 Ummium.
529 714 556 771 2.
577 711 674 770 Audio
687 718 716 769 te
730 710 827 768 animo
838 709 907 785 engi
920 717 950 766 st
960 708 1106 766 medicum
1118 705 1214 765 dicere
1227 725 1270 765 ex
1282 726 1313 767 eo

329 821 358 871 te
371 812 512 869 laborare.
554 806 646 867 Simo
660 806 763 883 diligis,
776 804 872 863 excitu
886 822 925 861 ex
937 821 1036 861 somno
1048 811 1113 859 tues
1133 800 1247 859 litteras
1266 802 1314 861 bu·

329 907 561 980 unanimemque,
574 910 692 979 propter
706 918 794 977 quum
807 899 879 958 mibi
893 917 924 957 es
938 897 1107 956 carissimus.
1147 896 1237 956 Nunc
1245 917 1313 975 opus

304 1010 375 1064 uest
395 1009 424 1059 te
444 1000 542 1059 snimo
560 998 667 1069 velere,
687 1005 719 1055 ut
739 1013 858 1072 corpore
878 994 977 1070 possis
1017 983 1165 1069 Id'quum
1184 1002 1244 1065 tus,
1257 1004 1313 1053 tum

330 1116 395 1157 meu
408 1114 498 1189 ceusu
508 1092 630 1165 fecisse
642 1101 671 1152 te
685 1102 760 1170 peto
801 1092 941 1149 Acastum
957 1090 1059 1160 retine,
1068 1108 1125 1165 quo
1143 1090 1313 1149 commodius

329 1194 382 1253 tibi
395 1193 580 1251 ministretur.
623 1184 771 1248 conserve
784 1195 813 1246 te
826 1186 916 1244 mihi:
936 1185 997 1245 dies
1008 1186 1212 1264 promissorum
1221 1184 1315 1254 udest3

331 1308 418 1366 quem
429 1288 518 1347 etium
531 1283 771 1363 bupreeseutebo,
784 1284 809 1342 si
822 1282 985 1343 adveneris.
1025 1280 1124 1341 Etiam
1134 1290 1224 1357 utque
1234 1282 1316 1340 utinm

331 1377 406 1444 vdie
446 1382 505 1441 111.
519 1381 589 1441 Idus
602 1381 674 1440 bore
687 1380 744 1438 Vl„

581 1709 854 1805 Erlsuoun
894 1707 1032 1770 XVI!

618 1885 683 1951 (sor.
693 1886 791 1937 some
801 1886 835 1937 s.
848 1884 882 1938 u.
894 1884 924 1937 c.
937 1886 1004 1948 roo.)

641 2019 786 2079 Tuuums
807 2016 928 2075 Tmour
948 2012 979 2074 S.

297 2164 328 2215 1⁰
377 2156 403 2213 1.
424 2151 609 2231 Aegyptnsd
623 2148 761 2208 mevenit
777 2146 869 2223 pridie
882 2144 951 2203 Idus
964 2141 1091 2220 Apriles.
1131 2138 1163 2198 Is
1181 2136 1237 2198 etsi
1256 2136 1321 2197 mibi

332 2252 479 2313 conflavit
498 2260 527 2309 tc
547 2250 633 2327 pluue
654 2244 728 2305 febri
748 2262 848 2302 curere
868 2249 897 2300 et
913 2240 989 2298 belle
1003 2239 1118 2308 bebere,
1131 2244 1239 2306 tamen
1252 2232 1322 2309 quod

334 2349 453 2425 negavit
475 2356 505 2405 te
527 2345 650 2423 potuisse
675 2341 713 2399 sd
737 2358 784 2397 me
805 2337 937 2405 scrstrem,
952 2352 1051 2393 curum
1070 2332 1112 2389 mi
1131 2330 1237 2401 attulit,
1250 2338 1281 2387 et
1292 2346 1322 2387 so

335 2448 436 2527 magis,
449 2444 526 2522 quod
548 2440 679 2509 Hermia,
693 2455 781 2515 quem
795 2434 896 2494 eodem
910 2432 957 2490 die
970 2430 1070 2490 venire
1082 2436 1259 2511 oportuerat,
1272 2444 1322 2483 ooo

336 2552 465 2602 venerut.
506 2536 672 2598 Incredibili
700 2552 764 2592 sum
792 2528 983 2589 sollicitudine
1002 2526 1039 2584 de
1065 2535 1116 2583 tuo
1141 2522 1322 2589 valetudiue3

299 2654 398 2717 leque
411 2640 495 2697 sime
508 2636 648 2707 libereris,
661 2652 717 2711 ego
732 2640 761 2689 te
775 2627 852 2687 omni
866 2644 936 2685 curu
945 2621 1081 2681 liberabo.
1122 2618 1217 2678 Pium
1225 2618 1324 2676 scribe·

337 2754 408 2808 rem,
435 2736 460 2794 si
480 2733 542 2810 jam
563 2742 695 2811 putarem
716 2728 849 2788 lubenter
869 2732 898 2782 te
924 2722 1021 2797 legere
1040 2734 1134 2795 posse.
1174 2714 1322 2792 Ingenium

338 2841 430 2902 tuum,
443 2830 520 2907 quod
534 2848 587 2906 ego
606 2825 738 2885 ¹muximi
754 2822 837 2892 focio,
852 2816 950 2879 confer
963 2816 1000 2873 ad
1014 2823 1043 2872 te
1056 2811 1128 2870 mibi
1140 2810 1252 2886 tibique
1265 2827 1324 2868 cou-

338 2930 522 2988 servundum.
565 2924 642 2985 Oura
662 2933 691 2983 te
711 2922 800 2982 etism
821 2929 908 2994 atque
928 2914 1015 2973 etism
1042 2909 1203 2986 diligenter.
1245 2904 1322 2964 voe

340 3026 367 3083 2.
389 3023 504 3101 Scripta
519 3020 581 3098 jum
595 3019 723 3097 epistole,
739 3016 862 3075 Hermia
876 3011 964 3069 venit
1004 3004 1114 3081 Accepi
1132 3013 1213 3062 tuum
1227 3002 1323 3079 episto

300 3122 397 3183 solem
422 3118 631 3179 'vacillantibus
652 3113 801 3178 litterulis3
829 3128 884 3169 nec
904 3106 1020 3175 mirum,
1033 3110 1094 3160 tum
1116 3100 1200 3177 gravi
1223 3098 1323 3155 morbo

293 3250 298 3259 ·
341 3218 408 3295 Ego
431 3217 468 3277 ud
492 3226 521 3275 te
546 3216 713 3291 Aegyptum
737 3211 811 3281 misi,
823 3206 902 3284 quod
922 3222 977 3262 nec
997 3200 1170 3259 inhumanus
1190 3205 1235 3253 eet
1255 3202 1282 3252 et
1298 3198 1327 3250 te'

340 3316 421 3373 visus
441 3322 485 3371 est
505 3312 575 3370 rnibi
595 3307 747 3387 ’diligere‘
766 3314 799 3365 ut
818 3305 844 3363 is
857 3312 952 3361 tecum
966 3305 1050 3367 esset,
1063 3303 1171 3353 etcum
1184 3310 1220 3351 eo
1233 3304 1324 3349 cocum

342 3432 400 3488 quo
413 3420 537 3469 uterere.
578 3406 661 3467 vele

303 3508 1324 3547 Μ

333 3586 353 3628 fi
368 3586 412 3637 Ad
427 3586 498 3635 Foru.
514 3582 589 3635 XVI.
606 3586 644 3631 15.

335 3666 429 3720 deror.
445 3663 522 3715 XVI.
554 3660 639 3713 ·Dist
656 3660 705 3711 bet
721 3656 793 3725 dilico
808 3657 857 3707 oud
873 3672 933 3707 urse
964 3652 998 3705 V.
1013 3666 1040 3703 u.
1054 3654 1078 3703 8.
