2934 4692
301 391 361 453 tit
632 406 810 453 nrrsroaaa
831 406 1013 453 menuctus.

342 567 429 627 etiam
449 564 571 639 Achaia,
590 564 639 637 'te
660 575 693 627 nt
718 568 828 645 opinor,
848 568 910 645 ipso
930 567 1055 645 allegato
1079 586 1115 629 ac
1142 568 1330 647 deprecatore.

340 660 487 723 ¹0Amissis
507 674 604 722 autem
624 665 809 741 temporibus,
821 682 898 740 quae
916 664 1072 742 plurimum
1087 666 1197 738 valent,
1210 687 1329 743 praeser-

341 760 394 819 tim
415 760 445 817 in
468 759 550 818 bellis
574 760 715 831 civilibus,
738 756 944 836 uinterpositus
966 778 1058 818 annus
1080 761 1156 820 alios
1173 762 1330 837 induxitnt

341 856 491 915 victoriam
519 862 676 933 sperarent,
703 855 783 927 alios,
810 864 843 914 ut
865 852 981 933 1'ipsum
1008 856 1086 915 vinei
1114 867 1327 920 contemnerent.

315 953 442 1029 ttAtque
469 954 573 1012 horum
599 951 742 1011 nidorum
768 953 897 1012 omnium
923 953 1040 1029 culpam
1067 952 1189 1013 fortuna
1214 957 1326 1016 molinet.

343 1049 415 1126 Quis
430 1050 506 1109 enim
526 1058 577 1107 aut
589 1049 784 1107 Alexandrini
804 1049 874 1107 belli
894 1046 1024 1107 ”tautam
1045 1069 1160 1108 moram
1181 1052 1250 1111 huie
1263 1054 1326 1112 bello

340 1145 506 1223 adjunctum
525 1146 569 1218 iri,
583 1156 634 1205 aut
646 1142 765 1205 ¹⁴uescio
779 1164 866 1222 quem
881 1146 967 1204 istum
983 1146 1172 1207 Pharnacem
1182 1148 1272 1208 Asiae
1283 1162 1328 1209 ter·

341 1262 435 1303 rorem
459 1244 607 1301 illaturum
629 1242 768 1321 putaret?
818 1243 846 1302 3.
874 1244 938 1303 Nos
961 1253 1059 1303 tamen
1080 1245 1111 1303 in
1136 1246 1257 1306 consilio
1274 1248 1327 1324 pari

340 1358 409 1401 casu
422 1340 554 1399 dissimili
567 1340 612 1399 usi
626 1360 733 1401 sumus.
774 1340 822 1399 Tu
836 1341 914 1400 euim
928 1359 994 1400 eam
1010 1352 1123 1418 partem
1146 1344 1255 1419 petisti,
1266 1352 1327 1402 utet

302 1438 465 1498 reconsiliis
484 1438 636 1497 interesses
658 1447 695 1510 et,
710 1438 788 1513 qood
808 1437 936 1495 maxims
952 1454 1052 1495 euram
1065 1438 1156 1510 levat,
1169 1438 1267 1497 futura
1277 1440 1325 1497 ani

340 1553 387 1593 mo
410 1535 574 1612 prospicere
599 1553 706 1612 posses.
748 1532 888 1610 Egaqui
909 1532 1105 1606 festinarim
1131 1532 1325 1593 Caesaremin

340 1631 428 1690 Italia
445 1632 582 1705 viderem,
599 1630 655 1711 (sie
675 1632 753 1691 enim
773 1631 1006 1711 arbitrabamur,)
1022 1650 1150 1708 eumque
1170 1631 1266 1691 multis
1285 1631 1324 1689 ho

340 1729 507 1789 uastissimis
522 1729 593 1789 viris
603 1729 780 1789 conservatis
791 1728 1015 1801 redeuntem‚ad
1027 1747 1131 1805 paoem
1145 1725 1324 1798 ”canentem

340 1833 372 1883 ut
385 1826 473 1898 aiunt,
487 1826 644 1898 incitarem,
658 1825 756 1884 abillo
771 1825 937 1901 longissime
952 1832 982 1882 et
995 1825 1098 1883 absum
1111 1834 1142 1883 et
1156 1823 1245 1884 abfui.
1263 1823 1324 1881 Ver·

302 1934 388 1981 lttsor
407 1931 503 1980 antem
524 1918 575 1979 1“in
595 1922 703 1999 gemitu
724 1921 828 1980 Italiae
843 1929 872 1979 et
885 1920 916 1978 iu
930 1921 1009 1979 urbis
1022 1920 1195 1979 miserrimis
1208 1919 1323 1996 querelis

340 2018 444 2094 quibus
458 2017 567 2093 aliquid
580 2019 643 2095 opis
663 2016 785 2077 fortasse
799 2035 854 2095 ego
868 2010 941 2094 ¹'pro
955 2035 1029 2088 mea,
1043 2024 1073 2075 tu
1088 2036 1143 2093 pro
1154 2025 1213 2087 tua,
1223 2034 1322 2093 prosna

340 2113 460 2189 quisque
481 2123 563 2190 parte
583 2112 661 2173 serre
675 2114 821 2191 potuum
834 2114 861 2172 si
874 2109 995 2171 ”auetor-
1007 2111 1147 2171 affuisset.
1188 2114 1218 2171 4.
1238 2110 1321 2186 Quare

339 2208 428 2267 velim
441 2227 493 2284 pro
507 2218 557 2269 tua
580 2218 721 2286 perpetua
743 2228 815 2285 erga
836 2228 885 2267 me
900 2208 1104 2268 benevolentia
1113 2208 1320 2277 scribasadme,

339 2304 408 2381 quid
422 2305 529 2377 videas,
543 2306 613 2381 quid
634 2304 749 2376 sentias,
762 2305 835 2381 qnid
848 2304 1084 2381 exspectandum,
1097 2305 1173 2381 quid
1193 2303 1320 2381 agendum

299 2400 421 2461 anobis
435 2402 591 2460 existimes.
631 2400 738 2477 Magni
751 2410 836 2460 erunt
855 2402 926 2459 mihi
940 2409 1007 2460 tuae
1026 2401 1162 2470 litterae;
1180 2410 1264 2476 atque
1274 2398 1318 2457 nti-

338 2515 407 2555 nam
428 2497 527 2572 primia
547 2497 612 2569 illis,
625 2516 698 2574 quas
714 2496 840 2557 Luceria
852 2497 982 2570 miseras,
995 2497 1176 2575 pemisseml
1194 2498 1255 2558 siue
1269 2494 1317 2553 ulla

138 2628 143 2637 ·
245 2680 248 2689 ι
339 2591 417 2653 enim
430 2592 561 2653 molestia
575 2593 743 2672 dignitatem
756 2612 852 2653 meam
865 2594 1055 2655 retinmssem.

546 2866 819 2930 EPISTOLA
860 2868 1085 2928 xmus

461 3010 662 3077 (mannans
673 3012 763 3063 xvm
774 3012 1051 3074 monacalis.
1064 3011 1171 3076 uuor.)

520 3140 664 3202 Tuumne
687 3140 717 3203 S.
741 3142 780 3201 D.
800 3142 991 3201 Trasumen
1013 3139 1111 3201 Suus.

381 3270 411 3333 S.
426 3268 462 3330 V.
482 3270 519 3329 B.
539 3270 575 3329 E.
592 3271 630 3331 V.
671 3271 771 3331 Tullia
793 3281 891 3331 nostra
911 3272 992 3331 venit
1014 3271 1053 3330 ad
1075 3290 1123 3331 me
1146 3268 1236 3349 pridie
1254 3263 1310 3324 Im

339 3366 461 3437 Junias3
482 3366 563 3443 eujus
577 3387 689 3427 summa
703 3369 810 3427 virtute
820 3377 850 3427 et
859 3368 998 3445 singulari
1010 3368 1188 3427 humanitate
1196 3359 1309 3442 grevitffl

299 3474 332 3525 tt
341 3464 428 3523 etiam
441 3482 505 3522 sum
526 3463 623 3523 dolore
643 3464 764 3525 affectus
777 3474 876 3523 nostra
889 3464 997 3523 factum
1012 3482 1075 3523 esse
1087 3458 1271 3541 negligente,
1283 3458 1308 3509 ¹1²

339 3559 424 3637 longe
437 3561 496 3619 alia
508 3560 539 3619 in
551 3559 667 3621 foruna
680 3571 763 3634 esset,
776 3571 865 3636 atque
878 3558 941 3635 ejus
955 3560 1047 3637 pietas
1056 3580 1092 3620 ae
1101 3559 1221 3639 ffignitas
1229 3557 1306 3630 posto

339 3655 427 3715 labet.
468 3656 560 3717 Nobis
574 3667 637 3716 erat
650 3657 680 3715 in
694 3658 791 3717 animo
801 3655 972 3717 Ciceronem
984 3654 1034 3715 'ad
1048 3654 1201 3717 Camarum
1212 3649 1307 3709 mittere

340 3760 369 3813 et
382 3771 448 3813 eum
461 3772 495 3811 eo
511 3752 564 3813 On.
580 3753 746 3815 Salustium.
787 3750 822 3813 Si
836 3752 980 3830 proiectus
995 3753 1058 3826 erit,
1071 3752 1174 3813 fficiam
1186 3758 1213 3807 te
1224 3740 1304 3805 cerdo

339 3868 411 3909 reru.
453 3848 658 3910 Valetudinem
672 3858 752 3910 tuam
765 3869 837 3910 eura
849 3850 1011 3926 diligenter.

299 3956 332 4005 8⁰
381 3945 466 4005 Vale.
507 3945 612 4005 XVII.
629 3944 780 4006 Kalendas
796 3944 933 4021 Quinctil.

675 4087 694 4126 Ψ
710 4086 837 4137 aaran
848 4086 925 4138 nv.
937 4090 975 4138 tt.
