2934 4692
270 407 329 469 alu
598 424 777 471 semrom
797 424 978 471 moerores.

215 576 228 621 ⁸
309 602 455 661 quumque
463 602 562 643 omnes
572 604 629 643 uno
637 604 727 661 prope
735 604 874 645 consensu
886 587 923 645 de
930 606 978 646 me
986 588 1240 666 apudtecnquae
1247 592 1301 652 mi·

309 682 340 739 hi
349 681 528 757 optatissima
537 688 614 753 sunt·
619 682 835 757 praedicabunt,
843 693 904 741 tum
911 683 987 743 duae
993 686 1140 745 maximoe
1148 688 1300 747 clientelae

308 786 384 849 tuae,
400 776 514 855 Cyprus
526 778 622 837 insula
634 789 664 835 ct
679 777 878 855 Cappffloeiae
891 798 1021 857 regnum,
1036 791 1133 841 tecum
1145 783 1183 841 de
1197 803 1248 843 mc
1261 785 1300 843 lo

308 884 447 950 qucntur:
462 883 531 950 puto
541 874 628 933 etiam
639 893 740 951 regem
751 874 930 949 Deiotarum,
938 878 988 952 qui
996 878 1046 936 uni
1056 879 1110 937 tibi
1119 889 1164 939 est
1171 883 1299 940 maxime

280 984 296 1032 t
307 972 492 1029 necessarius.
532 966 638 1043 ”Quae
645 971 671 1029 si
682 972 770 1029 etiam
779 970 891 1047 majora
901 984 968 1031 sunt
975 984 1006 1033 et
1013 975 1043 1033 in
1050 976 1185 1035 omnibus
1195 978 1298 1037 seculis

307 1068 456 1145 peuc'mes
464 1067 520 1124 viri
530 1067 638 1142 reperti
649 1077 722 1139 sunt,
730 1068 781 1143 qui
789 1088 857 1126 snas
866 1070 1044 1146 cupiditates,
1052 1090 1140 1147 quam
1150 1074 1203 1150 qui
1212 1074 1299 1133 hosti·

307 1182 356 1220 um
369 1163 465 1239 copias
479 1162 634 1234 vincerent,
647 1171 691 1221 est
706 1162 834 1239 profecto
846 1173 938 1236 tuum,
951 1184 1039 1241 quum
1055 1168 1094 1225 ad
1114 1187 1162 1226 res
1182 1170 1299 1232 bellicas

306 1260 387 1331 haec,
397 1278 472 1335 quae
483 1259 592 1317 rariora
599 1268 629 1317 et
638 1258 788 1319 dificiliorc
797 1270 872 1332 sunt,
881 1280 990 1338 genera
1000 1264 1114 1323 virtutis
1121 1262 1300 1339 adjunxeris,

306 1356 382 1433 ipsas
403 1356 490 1414 etiam
509 1356 572 1413 illas
585 1375 633 1415 res
653 1366 749 1434 gestas
762 1354 914 1432 ¹”justiores
929 1378 992 1418 esse
1006 1368 1036 1417 et
1048 1359 1171 1436 majores
1185 1373 1299 1439 putare.

269 1454 355 1513 1⁰16.
376 1452 550 1510 Extremum
572 1453 643 1511 illud
667 1462 718 1524 est,
737 1462 771 1511 ut
791 1454 874 1529 quasi
897 1454 1029 1513 diffidens
1052 1458 1193 1536 rogationi
1215 1476 1297 1517 meac

306 1549 515 1626 philosophiam
531 1549 569 1607 ad
583 1556 612 1607 te
625 1548 757 1626 allegem,
775 1570 836 1625 qua
848 1570 903 1609 nec
913 1551 984 1609 mihi
994 1552 1087 1609 carior
1097 1552 1298 1629 ullsunquam

305 1666 352 1706 res
366 1648 396 1704 in
411 1648 470 1705 vita
483 1646 544 1717 fuit,
558 1665 611 1705 nco
622 1646 770 1705 hominum
777 1648 877 1723 generi
887 1646 982 1723 majus
991 1668 1011 1707 s
1020 1648 1082 1707 deis
1091 1667 1197 1709 munus
1206 1650 1298 1709 ullum

306 1752 350 1802 est
363 1744 470 1801 datum.
511 1742 595 1802 Haec
614 1743 710 1819 igitur,
723 1762 799 1819 quae
814 1744 885 1802 mihi
905 1754 1000 1803 tecum
1014 1747 1172 1806 communis
1186 1756 1240 1821 est
1253 1767 1299 1807 so·

306 1842 393 1901 cietas
414 1841 572 1899 studiorum
596 1851 682 1916 atque
703 1841 810 1899 artium
833 1849 1006 1913 nostrarum,
1018 1843 1154 1917 quibusa
1174 1843 1299 1921 pucritia

267 1952 298 1999 ts
306 1938 394 2001 dediti
414 1958 449 1997 ac
462 1938 586 1996 devincti
606 1938 659 1996 soli
681 1937 886 2015 propemodum
901 1956 952 1995 nos
973 1937 1183 2015 philosophiam
1197 1958 1298 1999 veram

305 2035 384 2093 illam
397 2044 427 2093 et
439 2036 595 2111 antiquam,
608 2053 683 2110 quae
697 2032 870 2109 quibusdam
888 2032 939 2091 oui
952 2051 1016 2091 esse
1028 2052 1065 2092 ac
1077 2033 1206 2095 desidiae
1216 2035 1298 2093 ride-

304 2131 511 2213 inclusorum
528 2142 614 2207 atque
633 2132 664 2189 in
685 2150 748 2189 rem
769 2129 913 2206 publicam
932 2137 1020 2205 atquc
1039 2129 1070 2187 in
1090 2130 1184 2206 ipsam
1204 2132 1297 2189 adun

304 2248 396 2305 paene
420 2230 600 2299 deduximus,
614 2236 709 2289 tecum
731 2227 794 2303 agit
814 2226 852 2284 de
875 2244 942 2284 mea
965 2226 1059 2299 laude,
1082 2226 1129 2284 cui
1153 2229 1256 2303 negari
1276 2245 1298 2287 s

306 2324 415 2383 Getone
435 2324 479 2384 fas
500 2345 563 2384 esse
584 2344 641 2384 non
662 2333 739 2401 puto.
784 2321 979 2397 Quamobrem
992 2322 1043 2381 tibi
1057 2323 1099 2381 sic
1119 2324 1297 2399 persuadeas

263 2432 298 2483 to
306 2422 410 2481 velim:
431 2422 456 2480 si
474 2422 545 2479 mihi
565 2430 615 2480 tua
637 2420 779 2479 sententia
793 2420 915 2479 tributus
928 2420 1019 2478 honos
1031 2415 1092 2478 ”ex
1103 2420 1179 2478 meis
1191 2420 1296 2480 litteris

182 2530 187 2543 ·
304 2518 399 2589 fuerit,
419 2538 465 2577 me
489 2520 532 2577 sic
553 2518 794 2585 existimaturum,
807 2534 896 2592 quum
916 2516 1084 2576 auctoritate
1097 2524 1157 2587 tua,
1170 2524 1234 2575 tum
1247 2518 1296 2577 bs·

303 2614 467 2674 nevolentis
480 2634 549 2691 erga
561 2632 608 2673 me
623 2613 705 2685 mihi,
719 2612 796 2688 quod
809 2613 937 2671 maxime
951 2612 1098 2689 cupierim,
1112 2612 1275 2689 contigisse.

549 2977 821 3041 EPISTOLA
860 2978 999 3037 XXI!

516 3158 660 3217 Tomos
681 3156 871 3214 Tanaurrsn
893 3154 982 3215 Susa
1005 3152 1036 3214 S.

341 3300 373 3364 S.
387 3302 424 3361 V.
439 3302 475 3361 B.
489 3302 526 3361 Ε.
543 3302 579 3360 Ε.
595 3302 633 3361 V.
673 3300 876 3360 Valetudinem
889 3309 970 3359 tuam
980 3300 1068 3359 velim
1077 3318 1161 3359 cures
1169 3302 1290 3380 diligen-

299 3402 416 3459 tissime.
458 3400 536 3459 Nam
549 3400 621 3457 mihi
635 3408 664 3458 et
678 3401 815 3475 scriptum
829 3408 859 3457 et
871 3399 1034 3457 nuntiatum
1045 3408 1089 3456 est
1098 3406 1127 3455 te
1140 3399 1173 3457 in
1184 3399 1289 3459 febrim

260 3508 291 3557 2⁵
299 3498 393 3556 subito
406 3497 547 3556 incidisse.
589 3494 674 3570 Quod
687 3496 820 3555 celeriter
829 3514 876 3553 me
886 3494 979 3554 fecisti
993 3495 1030 3552 de
1042 3493 1177 3553 Caesaris
1187 3496 1288 3555 litteris

297 3598 457 3667 certiorem,
481 3596 573 3655 iecisti
594 3594 666 3652 mihi
688 3606 811 3671 mcum.
852 3594 928 3653 Item
948 3594 1075 3670 posthae,
1087 3592 1113 3650 si
1126 3592 1198 3668 quid
1217 3612 1287 3669 opus

298 3695 361 3767 erit,
375 3696 398 3753 si
413 3696 483 3772 quid
497 3694 632 3753 acciderit
644 3693 721 3764 novi,
735 3689 843 3764 ¹faoies,
854 3701 888 3750 ut
900 3692 998 3751 sciam.
1041 3686 1128 3761 Cura,
1138 3697 1173 3747 ut
1182 3689 1287 3747 valens.

337 3791 422 3851 Vale.
464 3791 503 3849 D.
516 3788 592 3848 1111.
606 3788 707 3847 Nonas
719 3788 789 3848 Jun.

627 3954 646 3994 Ἰ
662 3953 705 4005 Ad
716 3954 789 4005 Fam.
800 3952 877 4005 xlv.
888 3958 911 4005 ἃ
