2934 4692
576 424 767 469 mesum

427 682 701 744 EPISTOLA
741 680 909 741 xm·

252 844 318 907 (Sar.
327 843 437 897 auem
448 858 471 893 a
482 845 506 893 d.
517 842 579 893 XV.
591 844 719 893 Kosmas
729 843 883 893 Novembres
892 841 929 892 Δ,
937 841 971 893 U.
985 841 1014 894 O.
1024 842 1089 907 ⁷04.)

294 991 338 1048 Μ.
351 988 387 1048 Τ.
402 988 436 1049 0.
450 990 641 1048 huruuua
656 1006 696 1047 ur
710 988 811 1048 Tuus.
826 986 900 1049 Suus
916 986 947 1048 S.
962 986 998 1046 P.
1013 988 1053 1046 D.

195 1120 222 1177 1.
244 1117 278 1179 Si
300 1128 331 1177 tu
354 1128 383 1178 et
402 1118 507 1190 tullia,
528 1118 579 1178 lux
600 1126 706 1191 nostra,
718 1118 832 1189 valetis,
845 1136 899 1194 ego
913 1126 943 1175 et
960 1116 1146 1176 merissimus

153 1212 258 1274 Cicero
282 1216 421 1273 valemus.
466 1215 567 1275 Pridie
595 1214 664 1273 Idus
688 1211 830 1273 Octobres
852 1213 984 1271 Mbenus
1007 1214 1147 1286 venimus,

150 1329 245 1387 quum
258 1330 329 1369 sane
340 1312 470 1370 adversis
480 1312 573 1369 ventis
584 1312 629 1369 usi
639 1328 768 1369 essemus
779 1310 919 1384 tardeque
929 1319 959 1368 et
967 1309 1146 1368 incommode

150 1408 378 1484 navigassemus.
421 1408 469 1465 De
482 1426 557 1466 nave
571 1407 744 1465 exeuntibus
757 1407 839 1464 nobis
852 1406 979 1464 Aeastus
993 1424 1058 1464 eum
1072 1406 1148 1464 litte·

150 1504 193 1563 ris
213 1514 328 1581 praesto
348 1500 432 1563 lbit¹
434 1524 490 1563 uuo
510 1512 540 1561 et
553 1504 704 1562 vicessima
718 1504 774 1575 die,
787 1521 857 1560 sane
870 1511 995 1561 strenua.
1035 1502 1145 1580 Aoeepi
1169 1517 1185 1564 t

150 1606 217 1658 tuas
238 1600 357 1672 litteras,
371 1602 474 1676 quibus
496 1600 628 1659 intellexi
652 1610 682 1657 te
706 1599 810 1669 vereri,
830 1618 868 1657 ne
891 1599 1053 1674 superiores
1073 1600 1145 1659 mihi

151 1697 283 1755 redditae
303 1716 361 1756 non
382 1706 486 1756 essent.
526 1696 636 1755 Omnes
650 1706 716 1754 sunt
729 1696 858 1754 redditae
871 1696 1146 1773 diligentissimeque

151 1814 173 1853 a
185 1804 215 1855 te
228 1795 388 1872 perscripta
400 1795 514 1859 omnies
534 1794 621 1867 idque
639 1794 710 1852 mihi
730 1794 924 1869 gratissimum
934 1792 998 1851 fuit.
1037 1793 1146 1869 Neque

151 1910 217 1951 sum
230 1893 389 1951 admiratus
403 1891 478 1949 haue
491 1890 663 1966 epistolam?
672 1908 759 1965 quam
773 1892 898 1948 Aeastus
912 1890 1015 1963 attulit,
1025 1892 1144 1949 brevem

150 1986 261 2057 fitisse3
278 1988 341 2064 jam
362 1988 439 2046 enim
459 2006 506 2045 me
520 1988 615 2063 ipsum
630 1994 766 2061 expectas
780 1987 842 2044 sive
854 2006 907 2045 nos
920 1988 1005 2064 ipsos,
1019 1989 1069 2062 qui
1082 1988 1185 2063 qui-1⁰

150 2084 219 2143 dem
233 2104 320 2159 quam
340 2084 466 2161 primum
479 2084 517 2142 ad
531 2102 582 2141 vos
596 2082 696 2140 venire
710 2083 848 2157 cupimus,
862 2083 924 2155 etsi,
937 2084 968 2140 in
982 2103 1069 2158 quam
1082 2102 1144 2141 rem

150 2180 298 2255 publieam
317 2181 476 2251 veniamus,
494 2179 633 2255 intelligo.
676 2176 806 2255 Cognovi
826 2180 904 2237 euim
924 2198 965 2237 ex
988 2180 1145 2237 multorum

151 2277 310 2335 amisorum
324 2277 434 2347 litteris,
441 2294 513 2351 quas
527 2276 624 2334 attulit
636 2275 770 2346 Acastus,
780 2274 818 2333 ad
828 2294 910 2334 arma
919 2295 982 2335 rem
995 2285 1146 2353 spectatae

151 2380 185 2431 ut
204 2372 284 2442 mibi
297 2390 387 2447 quum
408 2390 523 2443 venero,
543 2370 724 2429 dissimulare
743 2388 801 2428 non
821 2370 914 2442 libeat,
923 2371 995 2446 quid
1014 2372 1146 2430 seutiam.

152 2466 222 2539 Sed,
236 2468 371 2543 quoniam
384 2468 534 2525 subeunde
542 2464 657 2525 fortuna
668 2476 718 2537 est,
727 2486 762 2524 eo
775 2466 860 2525 eitius
873 2468 1004 2526 dabimus
1017 2488 1144 2544 operam,
1153 2482 1185 2532 lt

151 2572 186 2623 ut
199 2566 356 2637 veniamus,
370 2584 427 2640 quo
447 2564 562 2623 facilius
575 2565 612 2621 de
625 2573 686 2621 tota
698 2582 730 2623 re
744 2563 943 2622 deliberemus.
984 2564 1032 2622 Tu
1046 2566 1144 2635 velim,

151 2662 230 2736 quod
244 2662 390 2719 dommodo
404 2661 576 2718 valetudinis
590 2669 657 2719 tuae
671 2650 729 2732 fiat,
743 2679 831 2735 quam
851 2660 1015 2736 longissime
1028 2663 1144 2738 poteris,

151 2758 265 2815 obviam
279 2758 360 2815 uobis
375 2758 505 2833 prodeas.
546 2757 574 2814 2.
594 2754 654 2814 ²De
665 2757 823 2815 hereditate
834 2757 985 2830 Preciana,
995 2778 1071 2834 quae
1081 2760 1145 2836 qui·
1217 2831 1220 2837 .

151 2855 219 2912 dem
232 2854 302 2911 mihi
315 2872 420 2931 magno
433 2854 525 2913 dolori
539 2863 589 2925 est,
606 2853 704 2931 (valde
718 2855 796 2911 enim
805 2854 886 2912 illum
897 2857 1015 2931 amavi)
1027 2857 1077 2915 sed
1086 2858 1144 2917 'hoe

152 2949 241 3008 velim
261 2969 362 3009 eures:
383 2951 408 3007 si
428 2953 523 3009 auctio
537 2960 604 3009 aute
617 2968 714 3008 meum
727 2951 884 3009 adventum
897 2953 958 3023 fiet.
970 2962 1004 3011 ut
1017 2952 1184 3030 Pompo-att

150 3047 218 3104 nius
231 3056 288 3117 aut,
303 3047 327 3105 si
340 3047 365 3105 is
375 3047 469 3103 miuus
480 3047 593 3122 poterit,
603 3045 742 3104 Camillus
751 3057 881 3106 nostrum
893 3050 1040 3125 negotium
1053 3059 1143 3109 curet.

150 3142 216 3201 Nos
230 3162 318 3217 quum
339 3142 412 3200 salvi
432 3144 606 3213 venerimus,
620 3143 732 3217 reliqua
751 3162 804 3219 per
823 3162 876 3202 nos
893 3163 1032 3220 agemus;
1052 3146 1097 3204 sin
1110 3156 1143 3205 tu

145 3238 211 3314 jam
228 3237 321 3296 Roma
341 3236 472 3315 profecta
485 3240 550 3310 eris,
566 3248 662 3296 tumen
677 3240 799 3310 curabis,
812 3248 844 3297 ut
857 3240 963 3299 hoeita
972 3230 1031 3345 fill*
1071 3240 1144 3315 Nos,
1188 3207 1237 3381 all

149 3336 176 3393 si
191 3336 231 3393 dii
245 3335 430 3411 adjuvabunt,
445 3336 558 3393 circiter
570 3334 641 3393 Idus
655 3334 839 3394 Novembres
851 3336 882 3394 in
896 3336 982 3396 Italia
994 3356 1143 3414 speramus

149 3432 222 3491 fore
263 3432 334 3503 Vos,
347 3452 412 3490 mea
436 3434 608 3491 suavissima
631 3440 660 3491 et
680 3432 859 3508 optatissima
877 3434 1024 3507 Terentia,
1043 3436 1069 3494 si
1089 3450 1183 3498 nosttt

149 3530 262 3601 amatis,
276 3538 375 3587 aurate
390 3538 422 3586 ut
434 3530 563 3587 valeatis.

190 3624 276 3684 Vale.
316 3624 449 3697 Athenis,
463 3645 488 3683 a
503 3626 529 3683 d.
544 3624 615 3683 XV.
631 3624 782 3686 Kalendas
795 3626 985 3687 Novembres.

517 3796 535 3833 ¹*
554 3794 598 3845 At
613 3796 685 3846 Pam.
701 3796 777 3846 XIV.
793 3801 817 3846 5.

180 3892 273 3944 Eum.
289 3890 378 3943 XXII.
410 3892 494 3943 *Dtst
504 3893 553 3943 bet.
564 3890 653 3943 litterae
662 3894 712 3943 aud
721 3893 824 3960 epistula.
842 3894 878 3945 V.
888 3894 951 3947 sut.
960 3894 1016 3946 cns
1028 3893 1115 3945 m
1123 3910 1150 3945 n.
1159 3900 1182 3945 t.

388 3977 456 4036 14·
996 3991 1020 4035 u
