2934 4692
529 454 559 509 Q·
580 456 730 501 urrato
753 455 822 501 008.

351 711 396 771 Μ.
418 710 543 773 Oreum
565 712 596 774 S.
618 713 657 773 D.
679 713 716 789 Q.
735 714 898 774 Mnrnnuo
920 714 995 775 Cos.

200 878 225 933 1.
245 873 376 933 Litterae
398 871 500 948 Quinti
520 873 617 934 lintris
637 882 667 934 et
687 873 721 933 T.
742 875 904 953 Pomponii,
917 876 1069 935 neeessarii
1082 879 1151 950 mei,

160 978 264 1031 umam
286 971 348 1047 spei
367 970 514 1043 dederant,
528 972 561 1029 ut
573 972 604 1029 in
618 980 646 1030 te
661 990 718 1030 non
732 972 827 1029 minus
840 971 942 1030 auxilii
956 991 1043 1047 quam
1056 973 1085 1029 iu
1100 983 1149 1033 tuo

159 1068 262 1144 eollegu
282 1066 355 1124 mihi
376 1066 561 1125 constitutum
581 1066 677 1125 fuerit.
719 1066 822 1145 Itaque
835 1068 873 1125 ad
886 1075 915 1126 te
928 1067 1039 1127 litteras
1053 1070 1148 1127 statim

158 1164 225 1235 misi.
245 1182 299 1241 per
313 1183 394 1241 quas,
408 1171 439 1221 ut
453 1162 569 1221 fortuna
588 1164 760 1240 postulabat,
775 1172 803 1221 et
822 1164 929 1241 gratias
943 1164 995 1222 tibi
1008 1165 1054 1241 egi
1069 1174 1099 1223 et
1112 1165 1148 1224 de

156 1260 262 1335 reliquo
272 1267 403 1335 tempore
413 1259 554 1317 auxilium
566 1257 644 1335 petii.
678 1258 788 1317 Postea
797 1260 868 1316 mihi
877 1277 935 1317 non
945 1268 1005 1317 tam
1016 1278 1147 1321 meorum
1172 1277 1188 1323 t

156 1355 362 1432 litteraequam
375 1374 523 1415 sermones
539 1374 647 1428 eorum,
658 1357 708 1434 qui
722 1356 778 1415 hae
790 1357 847 1415 iter
859 1355 1010 1427 faciebant,
1019 1358 1147 1417 animum

156 1460 231 1511 tunm
249 1453 435 1513 immutatum
459 1453 674 1529 significabunt:
696 1472 770 1529 quae
784 1472 831 1511 res
845 1452 920 1525 feeit,
933 1462 966 1511 ut
979 1454 1031 1512 tibi
1045 1454 1147 1513 litteris

155 1551 316 1627 obstrepere
331 1570 388 1609 non
402 1550 548 1609 auderem.
592 1551 619 1608 2.
639 1550 726 1609 Nune
738 1551 810 1608 mihi
825 1549 950 1625 Quintus
962 1549 1052 1610 stater
1064 1570 1147 1611 meua

155 1648 330 1705 mitissimam
351 1658 430 1705 tuam
451 1648 620 1719 orationem,
634 1666 721 1723 quam
744 1648 775 1704 in
796 1657 897 1706 senatu
910 1648 1146 1727 habuisseaper·

155 1742 278 1819 sonpsit3
299 1761 360 1818 qua
379 1741 513 1801 inductus
534 1743 572 1801 ad
591 1751 619 1801 te
638 1743 766 1801 seribere
779 1762 844 1802 sum
858 1752 984 1815 oouatus,
998 1745 1092 1802 etabs
1106 1754 1185 1817 te,10

156 1847 285 1911 quantum
307 1834 369 1895 ¹tua
387 1835 446 1895 fert
467 1837 606 1909 voluutas,
627 1848 694 1915 peto
716 1857 890 1916 quaesoque,
904 1848 936 1897 at
954 1848 1017 1897 tuos
1031 1858 1145 1898 meeum

155 1950 242 1991 serves
256 1934 354 2010 potius
369 1952 457 2009 quam
478 1944 596 2011 propter
612 1945 795 2012 arrogantem
809 1935 1006 1995 crudelitatem
1019 1932 1144 1994 'tuorum

154 2046 194 2087 me
212 2048 371 2107 oppugnes.
412 2030 468 2103 Tu,
489 2039 553 2091 tuas
575 2032 738 2093 inimicitias
759 2042 792 2091 ut
811 2032 854 2091 rei
867 2033 1000 2111 publicae
1013 2031 1144 2105 donares,

153 2132 178 2183 te
191 2125 298 2184 vicisti:
321 2126 431 2185 alienus
445 2136 478 2185 ut
492 2138 592 2187 eontra
605 2148 668 2187 rem
686 2130 833 2206 publieam
847 2131 1006 2200 oontirmes,
1020 2129 1144 2186 adduce-

153 2219 209 2279 ris?
247 2221 361 2297 Quodsi
382 2223 454 2281 mihi
476 2232 527 2283 tua
548 2224 701 2283 elementia
721 2244 806 2301 opem
828 2225 935 2295 tuleris,
955 2221 1088 2282 omnibus
1111 2223 1183 2283 inte

153 2317 230 2376 rebus
241 2337 289 2377 me
304 2316 367 2377 fore
380 2314 421 2377 ⁸in
435 2328 487 2379 tua
508 2328 650 2397 potestate
665 2321 717 2379 tibi
731 2321 884 2389 oontirmo;
905 2321 949 2379 sin
962 2320 1035 2377 mihi
1048 2338 1142 2395 neque

153 2418 346 2493 magistratum
361 2437 457 2495 neque
472 2430 604 2479 senatum
618 2438 713 2496 neque
726 2421 864 2497 populum
876 2419 1012 2478 auxiliari
1025 2428 1143 2495 propter

153 2530 210 2571 eam
222 2515 292 2587 vim,
300 2532 377 2589 quae
387 2532 434 2574 me
445 2535 511 2575 eum
521 2536 554 2574 re
565 2517 681 2593 publiea
691 2517 767 2589 vicit,
778 2517 899 2589 licuerit,
910 2517 985 2588 vide,
994 2534 1040 2588 ne,
1050 2534 1141 2591 quum

154 2608 217 2667 velis
240 2630 381 2670 revoeare
403 2619 517 2689 tempus
541 2614 670 2671 omnium
692 2613 941 2684 reservandorum,
962 2630 1060 2689 quum,
1080 2608 1141 2687 ¹qui

153 2714 284 2777 terretur,
298 2725 358 2766 nou
372 2706 435 2783 erit,
449 2727 507 2768 non
521 2708 620 2786 poesia
661 2708 746 2769 Vale
1147 2716 1181 2766 2⁰

471 3034 741 3098 EPISTOLA
780 3037 857 3096 X.*

445 3179 510 3244 (Sor.
532 3180 629 3231 Romae
651 3180 683 3229 A„
705 3178 739 3229 U.
762 3178 791 3231 0.
813 3179 880 3241 697.)

503 3308 629 3369 Gronau
651 3309 776 3368 Arrrco
799 3307 830 3368 S.

191 3436 215 3493 1.
235 3435 333 3513 Quum
353 3439 478 3515 primum
500 3437 624 3497 Romam
646 3438 721 3509 veni,
740 3436 861 3511 fuitque,
881 3436 928 3495 eui
948 3442 1025 3495 reete
1045 3436 1083 3493 ad
1108 3443 1138 3492 te

155 3527 255 3591 litteras
268 3536 378 3606 darem,
391 3535 464 3592 nihil
477 3536 557 3611 prius
572 3534 735 3594 faciendum
748 3533 819 3591 mihi
829 3533 938 3609 putari,
947 3550 1035 3606 quam
1044 3540 1077 3589 ut
1086 3530 1140 3588 tibi

156 3626 257 3687 absenti
270 3632 307 3689 de
322 3632 414 3690 reditu
429 3643 525 3692 nostro
536 3633 704 3711 gratularer.
747 3629 911 3706 Cognoram
924 3628 1010 3699 enim,
1024 3636 1056 3685 ut
1069 3646 1139 3685 vere

157 3722 278 3797 scribam,
286 3722 325 3785 ¹te
340 3728 368 3784 in
384 3730 508 3787 eonsiliis
522 3730 592 3787 mihi
607 3730 708 3787 dandis
718 3726 784 3787 ¹neo
793 3725 941 3785 fortiorem
951 3742 1004 3782 nee
1015 3724 1139 3800 pruden-
1177 3708 1191 3740 ‘
1231 3761 1238 3768 -

157 3816 247 3879 tiorem
261 3844 347 3900 quam
362 3844 409 3884 me
423 3826 526 3903 ipsum,
539 3845 594 3885 neo
607 3828 704 3899 etiam,
724 3846 778 3905 pro
796 3825 954 3905 praeterita
972 3841 1039 3881 mea
1058 3822 1089 3879 in
1109 3828 1178 3880 toas

157 3913 505 3993 observantianimiumin
516 3924 644 3982 custodia
653 3924 754 3983 salutis
763 3942 847 3983 meae
856 3922 1041 3998 diligentem
1058 3914 1140 3977 ⁸eun·

550 4092 751 4145 *aarum
764 4100 786 4145 l.
