2934 4692
263 410 321 469 298
593 423 770 467 errsronnn
792 423 974 467 crcuaorus.

302 588 423 663 demque
445 595 481 657 te,
496 586 546 661 qui
566 585 665 663 primis
687 586 862 661 temporibus
881 583 999 645 ‘err-oris
1018 586 1109 645 nostri
1127 596 1176 647 aut
1195 588 1307 665 potius

299 683 405 745 luroris
419 683 561 760 particeps
576 692 605 741 et
620 680 686 741 falsi
698 682 809 741 timoris
822 683 916 741 socius
929 683 1041 754 fuisses,
1054 684 1238 743 aoerbissirne
1250 685 1305 743 di-

300 781 420 841 soidium
440 789 570 837 nostrum
583 778 690 849 tulisse,
703 778 919 854 plurimumque
937 797 1051 855 operae,
1064 779 1159 850 studii,
1170 779 1304 857 diligen-

300 879 365 949 tiae,
385 877 491 936 laboris
512 876 550 935 ad
570 874 779 935 oonfleiendum
798 876 923 935 reditum
942 894 1041 935 meum
1060 878 1223 937 eontulisse.
1266 877 1301 935 2

274 971 402 1053 sitaque
415 972 471 1033 hoo
483 972 535 1031 tibi
549 988 618 1031 vere
632 972 752 1046 affirmo,
764 973 796 1031 in
809 974 939 1032 maxima
957 974 1070 1033 laetitia
1086 983 1116 1033 et
1135 974 1301 1051 exoptatiu-

299 1072 372 1130 sima
391 1070 581 1147 gratulatione
602 1086 691 1127 unum
704 1070 743 1127 ud
764 1068 970 1129 cumulandum
983 1068 1145 1148 ‘gaudium'
1158 1086 1301 1147 oonspw

298 1178 360 1226 tum
380 1176 430 1225 ant
449 1167 543 1243 potius
564 1165 747 1242 eomplexum
766 1165 839 1224 milri
858 1176 940 1225 tuum
958 1166 1092 1241 defuisse,
1104 1182 1189 1244 quem
1201 1165 1302 1226 smel

298 1271 397 1322 neotus
410 1278 558 1339 nunquam
572 1260 727 1330 dimiser03
747 1278 790 1334 ao,
802 1262 862 1321 nlsi‘
872 1264 961 1321 etiam
980 1264 1195 1340 praetermissos
1216 1261 1301 1321 treo-

298 1369 343 1417 tus
357 1367 424 1417 tuae
435 1346 584 1416 suavitatis
594 1356 741 1435 praeteriti
750 1359 888 1435 temporis
898 1374 999 1418 omnes
1008 1356 1154 1436 'nagera
1163 1357 1300 1435 proseuta

259 1454 353 1515 lohao
372 1455 551 1515 restitutione
571 1447 703 1513 fortunae
716 1470 765 1513 me
778 1456 841 1533 ipse
854 1469 912 1514 non
926 1456 995 1514 satis
1010 1457 1130 1533 dignum
1146 1453 1298 1530 jndieebo.

297 1548 325 1608 3.
345 1548 408 1608 Nos
422 1548 516 1608 adhue
526 1550 661 1608 innostro
671 1559 758 1621 statu,
769 1547 846 1626 quod
856 1551 1022 1610 difficillime
1032 1550 1196 1627 recuperari
1207 1566 1300 1627 pom

296 1646 428 1705 arbitrati
452 1660 558 1718 sumus,
579 1646 763 1724 splendorem
788 1656 918 1706 nostrum
940 1649 1022 1706 illurn
1045 1646 1187 1705 ioremm
1211 1656 1243 1705 et
1261 1648 1299 1706 in

297 1754 398 1801 senatu
412 1744 612 1802 auctoritatem
627 1752 656 1802 ot
670 1744 748 1821 apud
761 1745 839 1803 viros
854 1746 943 1804 bonos
956 1745 1079 1822 gratiam
1092 1744 1192 1820 magis,
1201 1760 1296 1819 qmn

296 1848 460 1917 optaramus
482 1838 625 1897 oouseeuti
652 1856 760 1897 sumus.
800 1838 838 1898 In
863 1858 898 1898 re
925 1850 1022 1899 autern
1049 1838 1300 1915 familiarique

258 1949 289 1996 15
296 1934 537 2011 quemadmodum
551 1928 650 2007 fracta,
666 1935 813 2012 dissipata,
824 1936 938 2013 direpta
951 1937 996 2008 sit,
1006 1952 1064 1994 non
1073 1936 1194 2013 ignoras,
1204 1935 1300 1995 vulda

296 2032 468 2103 laboramus,
482 2036 654 2105 tuarumque
668 2050 726 2090 non
741 2041 801 2089 tam
820 2028 1008 2104 'facultatum
1022 2050 1093 2108 quas
1111 2047 1167 2107 ego
1178 2040 1299 2091 sesua

295 2148 358 2187 esse
372 2127 479 2206 judioo,
493 2144 579 2203 quam
594 2127 779 2186 consiliorum
792 2128 830 2186 ad
843 2128 1019 2204 colligendas
1032 2135 1062 2185 et
1078 2127 1298 2186 constituendn

294 2226 431 2299 reliquias
445 2232 556 2283 nostras
570 2224 741 2300 indigemus.
783 2226 811 2281 4w
835 2223 932 2296 Nune,
946 2223 1000 2282 etsi
1013 2223 1109 2281 omnia
1121 2231 1171 2281 aut
1184 2221 1298 2301 σῶμα

294 2337 356 2379 esse
368 2340 387 2377 a
400 2320 456 2377 tuis
467 2320 591 2377 arbitror
600 2327 652 2377 aut
662 2318 750 2377 etiam
760 2321 870 2377 nuntiis
883 2337 918 2377 ao
931 2335 1046 2377 rumore
1060 2318 1180 2395 perlata,
1191 2327 1298 2377 tamea

254 2418 461 2477 stessoribam
471 2416 562 2487 brevi,
571 2428 646 2491 quae
660 2424 690 2474 te
704 2426 774 2491 puto
785 2416 964 2493 potissimum
974 2429 1013 2473 ex
1022 2416 1095 2474 mdo
1103 2414 1296 2474 litterlsrella

293 2527 473 2589 eognosoere.
514 2508 615 2569 Pridie
636 2510 737 2571 Nonas
752 2510 833 2572 Sext
856 2512 1041 2589 Dyrtlraehio
1054 2526 1116 2570 sum
1138 2510 1296 2588 profectu,

293 2610 355 2686 lpse
374 2608 424 2666 illo
444 2608 498 2681 die,
518 2626 575 2684 quo
594 2608 645 2667 lex
665 2617 709 2667 est
728 2608 789 2667 lata
809 2609 845 2667 de
866 2609 956 2667 nobis
1013 2606 1202 2665 Brundisium
1222 2607 1295 2667 ναί

291 2704 387 2763 Nonis
409 2702 490 2764 Sext.
530 2704 578 2763 Ibi
598 2703 670 2762 mihi
690 2702 817 2763 Tulliola
837 2720 903 2763 mea
923 2704 979 2762 fuit
999 2713 1115 2780 praesto
1134 2704 1224 2761 natali
1238 2720 1294 2764 m

291 2802 354 2878 ipso
368 2801 424 2874 die,
437 2801 488 2877 qui
508 2820 576 2860 naeu
597 2800 674 2859 idem
696 2802 800 2859 natalis
815 2810 878 2859 erat
896 2810 925 2859 et
947 2800 1141 2859 Brundisinae
1161 2800 1292 2859 ooloniae

251 2906 321 2958 rtet
334 2908 401 2957 tuae
416 2898 528 2957 vicinae
541 2893 682 2965 8Salutis;
703 2916 780 2973 quae
795 2916 841 2956 res
857 2898 1091 2956 animadversae
1107 2896 1293 2955 multitudiue

290 3013 404 3053 summa
417 2994 657 3053 Brundisinorum
669 2994 861 3071 gratulatione
873 2995 1019 3053 celebrata
1029 3002 1080 3051 est
1122 2992 1202 3051 Ante
1211 2994 1292 3051 diem

291 3089 346 3148 Vl.
367 3091 412 3150 Id.
433 3090 515 3151 Sext.
536 3094 665 3169 cognovi,
678 3111 769 3169 quum
793 3091 939 3149 Brundisii
954 3108 1058 3162 essem,
1071 3089 1174 3148 litteris
1188 3089 1291 3164 Quinti

290 3184 395 3259 fratris,
408 3188 528 3247 mirilico
541 3189 635 3247 studio
645 3188 774 3247 omnium
788 3197 915 3247 aetatum
931 3197 1018 3261 atque
1028 3186 1170 3257 ordinum,
1178 3187 1291 3245 inered-

290 3284 351 3342 ibili
365 3303 504 3342 oonoursn
519 3284 621 3343 Italiae
631 3286 726 3362 legem
737 3284 859 3343 comitiis
874 3283 1042 3343 centuriatis
1055 3300 1118 3341 esse
1137 3283 1290 3358 perlatam.

250 3378 363 3439 wlnde
378 3400 396 3439 a
410 3380 592 3441 Brundisinis
607 3384 813 3443 honestissimis
828 3390 955 3452 ornatus,
968 3380 1024 3437 iter
1037 3378 1080 3436 ita
1093 3377 1157 3447 leci,
1166 3387 1199 3435 ut
1208 3379 1291 3436 undi-

290 3494 348 3552 que
356 3478 396 3536 ad
406 3496 454 3537 me
464 3499 530 3538 eum
539 3480 731 3557 gratulatione
741 3483 828 3561 legati
844 3477 1040 3541 oonvenerint
1077 3475 1105 3533 5.
1126 3473 1178 3532 Ad
1189 3476 1290 3533 urbem

290 3574 331 3633 ita
343 3577 419 3648 veui,
433 3587 465 3637 ut
477 3597 562 3638 nemo
575 3580 661 3639 ullius
674 3581 783 3639 ordinis
798 3581 883 3639 homo
898 3572 1115 3638 'nomenclatori
1130 3580 1215 3631 notus
1228 3570 1290 3629 sue·

289 3674 336 3744 rit,
349 3675 401 3750 qui
414 3676 484 3733 mihi
498 3676 613 3736 obviam
623 3695 682 3736 non
692 3677 813 3748 venerit,
825 3685 940 3754 praeter
950 3693 1000 3733 eos
1013 3672 1153 3741 inimicos,
1164 3664 1289 3743 loquibus

290 3770 319 3828 id
342 3771 438 3847 ipsum
458 3791 515 3831 non
535 3772 636 3831 lioeret
662 3783 712 3833 eut
739 3773 920 3833 dissimulare
948 3779 999 3829 aut
1027 3786 1146 3847 negare.
1190 3760 1289 3839 Quum

282 3902 376 3954 Briau.
392 3904 425 3954 X.
456 3904 600 3956 ‘Bistbst
616 3904 1036 3966 &suammetipsam
1050 3898 1290 3963 inmittens&

249 3981 344 4041 uum
359 3983 457 4046 uuna,
473 3983 586 4045 tuma,
602 3984 794 4045 aarum
814 3980 1287 4054 emmerammum

250 4062 673 4129 adpatimjueundusandlm.
707 4062 815 4115 Vm&
