2934 4692
525 426 594 471 sun.
616 352 776 470 suumom-
1105 405 1163 467 331

130 591 291 659 nffiedth'hro
302 589 340 641 ed
362 586 493 641 umnam
503 586 534 635 de
544 599 571 635 re
587 584 655 649 pubi.
666 581 807 634 ordinanda
814 579 952 631 sutuendo.
983 581 1072 633 uua
1083 580 1165 645 Aprili

130 675 208 725 hlium
217 686 292 721 snum
304 670 446 719 surdiorum
463 681 538 716 causa
548 664 661 715 Athenas
673 663 762 724 mittit,
779 669 805 711 ct
820 660 905 725 paullo
917 666 973 725 post
984 660 1079 710 Astatra
1089 660 1164 711 disce

131 754 175 814 dit,
185 752 346 815 κΙίᾳιιοεᾳιιο
362 762 458 799 menses
475 747 566 811 partim
581 746 609 795 in
626 742 778 801 Tuscniuno,
790 740 881 805 partim
894 740 922 789 in
932 740 1049 804 Arpinati
1060 740 1164 805 aliisque

131 834 192 884 riilir
206 830 332 894 transigit,
345 842 429 879 meuse
441 826 542 877 Octobri
559 826 668 875 Romam
678 838 705 873 se
717 822 827 883 coniert;
842 834 926 870 mense
937 830 1020 871 eutem
1031 821 1165 872 Decembri

129 914 154 963 is
170 906 492 970 Puteoinnm,uhiX11.
511 904 569 955 Kal.
587 904 645 956 dan.
662 904 794 956 Grumum
812 902 915 967 ejusque
933 902 1035 953 comitae
1056 902 1163 967 hospitio

128 993 223 1057 recepit.

353 1134 398 1193 Μ.
421 1132 544 1195 &csso
566 1131 598 1194 S.
620 1132 658 1190 D.
680 1126 755 1191 Sua.
777 1127 943 1189 Sunrrcto.

164 1276 191 1332 1.
210 1274 281 1351 Ego
297 1291 382 1344 rem,
403 1270 498 1343 Serri,
512 1271 625 1343 veliem,
639 1278 671 1329 ut
690 1269 800 1341 scribis,
818 1268 849 1326 in
868 1286 935 1327 meo
953 1269 1124 1347 gravissimo

128 1388 191 1429 casu
211 1369 359 1427 affuisset.
401 1366 549 1441 Quantum
562 1366 641 1423 enhu
660 1382 797 1441 praesens
809 1382 858 1422 me
871 1363 1011 1439 adjuvare
1024 1375 1124 1441 potue-

126 1468 163 1525 ris
175 1474 205 1525 et
217 1465 400 1525 consolando
413 1472 443 1522 et
456 1480 544 1540 prope
555 1480 648 1537 aeque
660 1460 792 1533 dolendo,
801 1460 887 1519 facile
895 1462 1124 1538 exeointelligo,

129 1562 200 1638 quod
211 1562 320 1619 litteris
337 1560 418 1619 lectis
427 1560 607 1634 aliquantum
619 1558 761 1633 acquievi.
801 1556 882 1615 Nam
891 1566 921 1615 ct
930 1576 968 1615 aa
976 1558 1123 1634 scripsisti,

128 1676 198 1735 quae
210 1660 314 1719 levare
319 1659 562 1733 luctumpussent,
572 1662 602 1712 et
610 1653 693 1711 inme
699 1653 935 1713 consolandonon
948 1654 1123 1713 mediocrem
1146 1668 1162 1715 t

129 1752 186 1829 ipoe
205 1754 298 1812 anund
319 1753 450 1810 dolorem
463 1750 626 1809 adhibuisti.
668 1748 788 1809 Servius
801 1759 899 1809 tamen
912 1758 978 1809 tuus
991 1751 1123 1810 omnibus

130 1849 230 1921 officiis,
244 1868 326 1925 quae
341 1848 383 1905 illi
396 1847 519 1923 tempori
534 1846 620 1905 tn'bui
640 1854 795 1923 potuerunt
809 1846 966 1905 declaravit
979 1856 1009 1906 et
1021 1848 1124 1923 quanti

130 1946 187 2023 ipse
205 1964 253 2004 ma
273 1945 389 2004 faceret
409 1953 439 2002 et
458 1962 546 2019 quum
566 1962 650 2001 suum
671 1944 760 2001 talem
779 1962 850 2019 erga
868 1960 917 2001 me
928 1944 1057 2002 animum
1071 1944 1123 2003 tibi

131 2044 239 2118 gratnm
252 2049 373 2119 putaret
386 2037 467 2107 fore;
488 2037 570 2112 cujus
584 2038 677 2096 officia
686 2036 859 2112 jucundiora
871 2039 938 2097 licet
951 2058 1038 2115 saepe
1051 2039 1124 2096 mihi

132 2136 240 2210 fuerim,
252 2156 409 2213 nunquam
429 2145 527 2193 tamen
546 2134 680 2211 gratiora.
721 2134 775 2192 Me
788 2143 886 2193 autem
898 2154 957 2194 non
969 2135 1060 2193 oratio
1073 2145 1124 2193 tua
1133 2146 1164 2195 ιο

133 2234 217 2291 mium
231 2243 262 2293 et
273 2234 399 2293 societas
412 2250 505 2310 paene
518 2232 713 2307 aegritudinis,
726 2231 780 2289 sed
792 2232 880 2291 ethim
892 2232 1049 2290 auctoritas
1059 2251 1125 2291 con·

135 2329 244 2388 sciatur.
285 2330 392 2405 'lhrrpe
411 2329 489 2387 enim
509 2346 573 2386 esse
593 2329 728 2386 existhuo
741 2346 791 2385 me
802 2346 861 2385 non
874 2327 917 2385 ita
935 2326 1013 2386 ferre
1025 2346 1124 2385 cesum

135 2442 233 2496 meum,
246 2434 281 2485 ut
300 2434 344 2497 tu,
357 2425 409 2483 tali
429 2425 571 2500 sapientia
590 2423 746 2499 praeditus»,
758 2422 911 2481 ferendum
930 2430 1022 2499 putas.
1064 2422 1125 2483 Sed

136 2523 273 2597 opprimor
293 2522 442 2580 interdum
463 2530 492 2579 et
504 2522 556 2578 vix
576 2520 678 2577 resisto
697 2519 796 2591 dolori,
809 2520 887 2595 quod
907 2538 943 2577 ca
962 2519 1125 2579 masclatis

137 2617 271 2690 deficiunt,
284 2636 363 2694 quae
383 2617 494 2685 ceteris,
507 2635 630 2692 quorum
650 2616 721 2672 mihi
736 2616 871 2692 exempla
886 2634 1023 2692 propono,
1037 2616 1125 2673 simili
1135 2629 1165 2675 lu

137 2710 165 2769 iu
182 2712 296 2773 iurtuna
315 2733 375 2771 nou
396 2712 558 2771 defuemnt,
598 2711 677 2769 Nam
693 2720 722 2769 et
737 2709 774 2786 Q.
788 2712 949 2782 Maximus,
962 2713 1014 2787 qui
1032 2712 1125 2769 filium

139 2810 319 2881 consularem,
332 2809 443 2868 clarum
456 2808 552 2866 virum
566 2817 596 2865 et
609 2808 721 2885 magnis
729 2807 816 2866 rebus
826 2808 922 2885 gestis,
932 2808 1036 2879 amisit,
1047 2818 1077 2866 et
1091 2808 1126 2865 L.

139 2901 260 2978 Paullus,
273 2906 326 2982 qui
340 2906 396 2962 duo
410 2914 521 2980 septem
535 2904 645 2975 diebus,
660 2912 690 2961 et
704 2900 813 2961 ¹vester
824 2902 928 2962 Gallus
939 2901 1032 2961 et²M.
1045 2902 1126 2974 Cato,

140 3000 184 3074 qui
203 3020 314 3061 summo
327 3002 451 3077 ingenio,
465 3018 579 3057 summa
591 3000 699 3058 virtute
711 3000 803 3057 tilium
823 3001 954 3076 perdidt,
967 3000 1002 3059 iis
1016 3009 1127 3077 tempo-

140 3095 211 3155 ribus
221 3094 358 3169 ⁸iuerunt
371 3105 403 3154 ut
417 3116 516 3155 eorum
530 3096 639 3154 luctum
652 3096 780 3172 ipsorum
794 3096 918 3173 dignitas
931 3098 1126 3155 consolaretur
1134 3108 1166 3157 2⁰

142 3209 180 3261 ea,
199 3212 283 3271 quam
307 3213 346 3253 ex
369 3211 402 3251 re
425 3192 542 3269 publica
565 3192 821 3266 consequebantur.
862 3192 889 3249 2.
919 3190 996 3250 Mihi
1020 3203 1126 3264 autem,

143 3289 245 3348 amissis
257 3290 434 3349 ornamentis
449 3289 493 3360 iis,
505 3306 582 3363 quae
596 3289 659 3363 ipse
672 3306 888 3359 commemoras,
898 3306 1032 3364 quaeque
1046 3307 1127 3346 eram

142 3384 266 3445 maximis
273 3386 421 3445 laboribus
431 3386 562 3461 adeptus,
572 3402 661 3441 unum
671 3385 808 3441 manebat
817 3384 890 3442 illud
899 3385 1041 3455 solatium,
1049 3384 1127 3459 quod

144 3490 265 3555 ereptum
278 3490 330 3541 est.
372 3481 440 3540 Non
451 3482 607 3540 amicorum
618 3480 749 3556 negotiis,
758 3499 817 3538 non
827 3480 871 3538 rei
884 3480 1015 3556 publicae
1025 3499 1127 3558 procu-

145 3576 243 3635 ratione
261 3578 491 3654 impediebantur
511 3576 697 3653 cogitationes
711 3594 812 3644 meae3
832 3576 904 3633 nihil
917 3576 948 3633 in
962 3576 1024 3635 foro
1037 3594 1125 3653 agere
1135 3588 1167 3636 2⁶

144 3666 257 3740 libebat3
277 3674 425 3750 adspicere
436 3674 545 3731 cufiam
555 3691 613 3731 nou
624 3681 773 3748 poteram3
792 3672 1002 3743 existimabam,
1010 3672 1041 3730 id
1051 3672 1127 3747 quod

147 3774 207 3839 erut,
216 3786 311 3829 omnes
325 3788 372 3827 me
387 3778 416 3827 et
429 3767 585 3826 industriae
599 3786 682 3827 meae
702 3766 813 3826 fructus
833 3777 864 3827 et
881 3766 1013 3827 fortunae
1031 3769 1128 3845 perdi-

146 3856 219 3919 disse
258 3864 326 3938 Sed,
339 3884 428 3941 quum
439 3864 595 3941 cogitarem
609 3865 683 3923 haec
695 3864 768 3923 mihi
782 3875 875 3923 tecum
890 3872 998 3924 etcum
1012 3866 1127 3940 quibus·

148 3952 205 4015 dum
222 3977 282 4019 esse
302 3959 471 4031 communia,
486 3968 515 4017 et
528 3978 618 4034 quum
637 3958 803 4036 frangerem
819 3958 882 4035 jam
900 3960 962 4036 ipse
976 3980 1031 4032 me,
1045 3978 1128 4035 coge·

149 4063 254 4127 remque
272 4056 322 4114 ilia
341 4054 418 4114 ferre
438 4054 602 4126 toleranter,
622 4054 765 4114 habebam
786 4073 843 4131 quo
864 4054 1056 4133 confugerem,
1076 4056 1167 4115 ubist
