2934 4692
293 381 353 441 292
623 397 800 442 nrssrossa
822 397 1003 442 arceamus.

334 574 423 633 quum
444 564 494 615 ant
513 558 607 616 scribo
627 558 665 615 ed
678 578 739 631 vos,
758 568 810 617 aut
829 564 940 619 vestras
960 561 1033 638 lego,
1045 562 1179 620 conficior
1192 561 1313 621 lacrimis

334 654 383 725 sic,
396 662 429 711 ut
449 653 526 713 ferre
540 674 597 713 non
619 656 734 732 possim.
774 653 872 729 'Quod
889 657 999 715 utinam
1015 658 1111 715 minus
1129 658 1205 715 vitae
1224 660 1314 734 cupid

332 744 496 807 ⁸fuissemua
508 748 515 805 l
536 760 614 809 certe
634 750 707 809 nihil
725 760 777 809 aut
789 771 847 809 non
860 752 983 810 multum
993 753 1024 811 in
1037 754 1100 811 vita
1112 755 1180 811 mali
1192 751 1316 811 ‘vidisse

328 862 406 903 mus.
448 843 558 919 Quodsi
581 866 634 905 nos
655 846 694 904 ad
715 846 843 922 aliquam
864 847 985 922 alicujus
1008 849 1148 907 commodi
1169 849 1317 923 aliquando

307 942 512 1017 creciperandi
526 960 607 1018 spem
623 942 743 1000 senuna
754 944 924 1015 reservavit,
937 945 1032 1002 minus
1045 954 1091 1002 est
1103 954 1231 1002 emtum
1243 963 1263 1002 a
1273 964 1319 1003 nc

333 1037 395 1105 bis;
416 1038 460 1096 sin
474 1039 546 1097 haec
559 1038 635 1097 mala
648 1039 710 1097 fixa
722 1050 798 1111 sunt,
810 1058 865 1117 ego
879 1058 948 1098 vero
961 1049 992 1099 te
1005 1059 1092 1115 quam
1110 1042 1319 1118 primummes

335 1135 402 1205 vita,
422 1135 506 1210 cupio
526 1136 626 1192 videre
642 1144 672 1193 et
692 1136 723 1193 in
737 1144 786 1194 tuo
800 1136 953 1212 complexu
966 1137 1065 1209 emori,
1078 1137 1216 1212 quoniam
1229 1156 1319 1213 neque

333 1230 382 1302 dii,
402 1250 473 1306 quos
495 1239 525 1289 tu
545 1232 702 1289 castissime
723 1232 843 1304 coluisti,
866 1252 961 1309 neque
984 1234 1123 1304 homines,
1144 1235 1251 1309 quibus
1271 1252 1319 1309 ego

333 1345 448 1402 semper
467 1328 583 1398 servivi,
596 1329 678 1386 nobis
698 1329 822 1404 gratiam
838 1328 1006 1387 retulerunt.
1048 1331 1075 1387 2.
1095 1329 1159 1387 Nos
1177 1329 1319 1387 Brundisii

296 1432 327 1481 10
335 1423 412 1498 apud
431 1422 473 1480 M.
493 1421 636 1481 Laenium
658 1423 796 1482 Flaccum
816 1425 878 1483 dies
898 1424 989 1483 XIIl.
1009 1424 1124 1497 fuimus,
1139 1427 1238 1483 virum
1255 1426 1321 1502 cpti-

333 1537 422 1590 mum,
445 1520 496 1594 qui
520 1519 679 1595 periculum
703 1519 885 1578 fortunarum
909 1530 938 1579 et
963 1522 1064 1597 capitis
1091 1522 1136 1579 sui
1163 1541 1237 1598 prae
1262 1540 1322 1579 mes

334 1614 426 1673 salute
450 1616 586 1692 neglexit,
608 1635 704 1692 neque
723 1614 806 1693 *legis
828 1618 1054 1693 improbissimae
1073 1638 1167 1695 poena
1187 1619 1320 1677 deductus

333 1719 385 1782 est,
398 1729 456 1787 quo
470 1713 564 1769 minus
575 1712 691 1789 hospitii
705 1721 735 1771 et
746 1715 889 1773 amicitiae
898 1713 948 1789 jus
961 1715 1143 1791 officiumque
1159 1725 1321 1792 praestaret.

335 1807 415 1867 Huic
435 1809 545 1867 utinam
564 1810 718 1885 aliquando
738 1812 863 1887 gretiam
883 1811 1004 1869 referre·
1025 1811 1185 1887 possimus!
1210 1812 1323 1869 habebi

295 1908 410 1965 lsmus¹
433 1904 549 1978 quidem
573 1922 695 1981 semper.
736 1905 765 1961 3.
793 1901 961 1963 ⁶Brundisio
987 1906 1107 1982 profecti
1130 1926 1233 1965 sumus
1256 1907 1322 1984 prid

334 1998 482 2058 Kalendas
499 1999 610 2058 Maias:
633 2018 687 2076 per
708 2000 910 2059 Macedoniam
927 2000 1067 2080 Cyzicum
1081 2004 1262 2079 petebamus.
1300 2001 1324 2063 0

333 2115 381 2155 me
394 2096 555 2172 perditum!
597 2094 624 2155 Ο
646 2096 802 2155 afflictum!
830 2098 900 2173 quid
919 2118 995 2157 nunc
1009 2119 1106 2177 rogem
1121 2110 1160 2172 te,
1173 2109 1206 2157 ut
1220 2100 1325 2171 venias,

333 2194 484 2252 mulierem
511 2213 636 2271 aegrum,
664 2203 694 2252 et
722 2213 842 2271 corpore
869 2206 900 2253 et
926 2198 1022 2256 animo
1051 2196 1231 2255 conlectam?
1260 2198 1324 2255 Nun

333 2290 452 2367 rogem?
494 2290 564 2350 Sine
582 2300 612 2349 te
630 2292 719 2369 igitur
736 2290 814 2350 sim?
856 2291 974 2369 Opinon,
988 2294 1031 2351 sic
1043 2312 1146 2371 agam:
1166 2295 1191 2351 si
1205 2302 1252 2352 eat
1263 2312 1326 2371 spes

294 2388 423 2449 zuncstri
445 2387 562 2459 reditus,
585 2406 649 2445 eam
674 2388 825 2447 confirmes
849 2397 879 2447 et
902 2408 965 2446 rem
987 2389 1126 2465 adjuves3
1146 2392 1200 2462 sin,
1222 2401 1255 2448 nt
1276 2410 1326 2468 ego

333 2495 439 2555 metuo,
453 2479 638 2542 'transactum
652 2492 704 2555 est,
719 2504 834 2560 quoquo
848 2485 933 2543 modo
953 2496 1034 2562 potes
1048 2487 1085 2544 ad
1099 2505 1146 2545 me
1159 2485 1204 2545 fac
1219 2487 1326 2545 venias

334 2578 434 2638 Unum
447 2581 502 2638 hoc
515 2581 603 2638 scito:
625 2582 649 2638 si
667 2590 695 2639 te
714 2580 834 2653 habebo,
848 2601 906 2640 non
927 2583 997 2640 mihi
1019 2584 1138 2641 videbor
1157 2579 1268 2659 ⁸plane⁵
1280 2602 1327 2660 pe·

334 2676 413 2733 risse
456 2674 514 2735 Sed
535 2676 604 2751 quid
623 2672 762 2735 'lulliola
783 2696 849 2735 mea
873 2676 946 2737 fiet?
994 2678 1063 2737 dam
1084 2680 1116 2736 id
1136 2698 1189 2737 vos
1212 2680 1326 2746 videte;

334 2776 406 2833 mibi
426 2776 507 2835 deest
527 2777 683 2836 consilium.
727 2775 787 2836 Sed
807 2786 892 2846 certe,
906 2794 1022 2852 quoquo
1039 2776 1124 2834 modo
1137 2794 1169 2834 se
1183 2795 1230 2834 res
1243 2777 1328 2834 babe-

294 2872 385 2943 sebit,
405 2872 481 2930 illius
502 2874 629 2932 misellae
649 2882 680 2932 et
700 2869 903 2931 ¹⁰matrimcnio
922 2880 953 2929 et
972 2871 1067 2929 famae
1081 2872 1264 2929 serviendum
1277 2881 1327 2930 est.

320 2968 437 3044 *Quidi
479 2968 581 3029 Cicero
602 2990 682 3030 meus
702 2970 773 3049 quid
794 2966 884 3045 aget?
925 2967 986 3026 Iste
1000 2986 1071 3026 vero
1084 2968 1121 3026 sit
1134 2968 1164 3025 in
1178 2969 1243 3025 sinu
1256 2987 1329 3026 sem·

334 3086 388 3145 per
407 3077 436 3126 et
454 3070 605 3146 complexu
625 3090 697 3129 meo·
739 3068 808 3127 Non
830 3086 905 3142 queo
924 3066 1009 3141 plura
1024 3064 1088 3140 jam
1107 3066 1251 3123 scribere:
1277 3067 1329 3123 im·

334 3164 414 3241 pedit
428 3185 549 3225 maeror.
590 3166 636 3225 Tu
652 3168 719 3243 quid
735 3167 837 3244 egeris,
853 3164 967 3223 nescio:
989 3172 1085 3219 utrum
1099 3162 1210 3237 aliquid
1223 3172 1328 3231 teneas,

335 3281 382 3332 an,
395 3264 471 3338 quod
493 3274 596 3331 metuo,
611 3264 696 3341 plane
717 3265 757 3322 sis
771 3263 900 3340 spoliata
943 3263 970 3317 4.
992 3256 1160 3328 ”Pisonem
1174 3268 1208 3314 ut
1221 3258 1330 3329 scribis,

296 3370 421 3435 sospem
441 3358 503 3417 sore
524 3378 637 3436 semper
656 3370 794 3419 nostrum.
835 3357 905 3417 ¹²De
926 3356 1037 3415 familia
1050 3356 1180 3424 liberata,
1193 3354 1265 3411 nihil
1277 3364 1331 3424 est,

335 3456 413 3530 qaod
433 3464 462 3514 te
483 3466 605 3515 moveat
647 3455 789 3525 Primum,
804 3458 860 3515 tuis
880 3457 921 3514 ita
941 3454 1113 3533 promissum
1133 3460 1185 3519 est,
1199 3457 1229 3507 te
1242 3448 1332 3507 factu-

335 3571 398 3610 ram
425 3539 497 3624 esse,
519 3561 551 3611 ut
575 3553 696 3629 quisque
722 3562 799 3611 esset
820 3555 947 3613 meritus.
989 3554 1045 3611 Est
1067 3559 1164 3607 autam
1188 3547 1219 3602 in
1239 3545 1333 3603 officio

335 3649 429 3707 aditum
444 3647 596 3725 Orpbeus;
617 3658 770 3725 praeterea
783 3669 888 3725 magno
901 3670 989 3727 opere
1003 3648 1116 3709 l'neme
1162 3643 1334 3704 Ceterorum

336 3763 486 3803 servorum
510 3763 545 3803 ea
569 3763 656 3803 causa
679 3753 730 3816 est,
745 3754 784 3817 ut,
807 3743 853 3803 ¹‘si
876 3764 923 3803 res
945 3764 965 3805 a
989 3746 1072 3804 nobis
1096 3745 1214 3813 abisset,
1236 3739 1334 3799 liberti

328 3947 488 3998 Errsr.V1.
519 3948 601 3997 *Dist
614 3947 661 3997 bet
676 3946 1058 4015 Grmimapmlnbsraresem.
1093 3948 1126 3998 V.
1135 3950 1208 4001 Caes.
1219 3950 1241 4000 1.
1252 3955 1332 4011 aba.

296 4030 320 4077 θ.
329 4026 453 4077 -lDist
465 4028 512 4077 bet.
523 4026 599 4092 plane,
610 4026 708 4088 ommno,
716 4044 820 4093 persus,
830 4030 930 4096 penitas,
941 4030 991 4103 and
1003 4030 1088 4093 utique.
1121 4029 1156 4080 V.
1168 4045 1192 4078 n.
1204 4035 1227 4080 a
