2934 4692
628 416 656 461 e.
678 414 802 481 opss1o.
1165 401 1224 461 335

190 588 255 638 tum
267 578 485 655 quibuscunque
506 586 624 655 potuero
638 577 725 635 rebus
738 578 866 645 omabo;
886 573 968 652 cujus
981 575 1025 634 rei
1038 582 1100 633 tum
1113 583 1185 635 tem·

190 692 249 751 pus
266 674 329 745 erit,
344 692 441 748 quum,
456 674 526 749 quid
546 673 608 749 opis
622 672 664 729 rei
678 672 812 748 publicae
825 673 936 730 laturus
950 672 974 729 is
987 672 1133 731 exercitus
1146 672 1185 731 sit

190 780 244 829 ant
252 769 320 845 quid
329 768 393 845 jam
404 770 509 841 tulerit,
519 778 617 827 notum
629 786 691 827 esee
702 769 839 844 coeperit.
878 767 958 827 Nam
968 768 1062 827 adhuc
1071 776 1184 827 tantum

189 874 307 925 constris
331 866 495 937 audiuntur,
516 865 616 941 optimi
636 864 677 922 illi
692 866 809 941 quidem
829 874 860 924 et
882 865 1111 943 praeclarissimi,
1132 865 1184 923 sed

185 972 272 1039 gesta
290 981 337 1021 res
357 970 561 1038 exspectatun
581 959 679 1037 ‘quam
700 962 816 1038 quidem
833 971 886 1020 aut
900 960 965 1037 jem
978 980 1041 1020 esse
1054 962 1181 1037 aliquam
1204 974 1220 1023 ⁶

185 1066 241 1116 aut
259 1059 491 1136 appropinquare
512 1058 631 1117 conlido.
673 1058 700 1115 3.
721 1056 790 1117 Tua
808 1057 915 1117 vlrtme
934 1067 964 1117 et
983 1058 1182 1136 maguitudino

184 1155 278 1212 animi
298 1156 369 1213 nihil
389 1164 433 1214 est
452 1154 584 1213 nobilius.
625 1154 729 1230 Itaque
750 1163 890 1230 optamus,
903 1163 1036 1230 utquam
1056 1156 1181 1231 primum

183 1260 216 1309 te
237 1253 269 1309 in
288 1252 375 1311 Italia
389 1254 546 1313 videamus.
588 1250 664 1309 Rem
684 1250 829 1327 publicam
841 1269 894 1309 nes
907 1250 1015 1309 babere
1029 1250 1181 1309 arbitrabi-

182 1367 261 1420 mur,
273 1350 297 1407 ei
311 1368 361 1408 vos
375 1350 552 1409 habebimus.
594 1346 751 1406 Praeclare
761 1344 943 1419 'viceramus
952 1347 1007 1405 nisi
1018 1346 1180 1424 spoliatum,

182 1445 336 1517 inermem,
356 1446 514 1523 fugientem
534 1445 664 1523 Lepidus
690 1445 846 1524 recepisset
865 1444 1035 1504 Antonium.
1075 1445 1219 1521 Ituquelt)

181 1540 334 1617 nunquam
347 1554 427 1601 tanto
437 1544 502 1602 odio
513 1545 622 1603 civitati
635 1544 782 1602 Anunius
795 1542 858 1614 fuit,
868 1551 976 1618 quanto
986 1551 1030 1601 est
1040 1540 1178 1619 Lepidus.

180 1636 242 1695 Ille
266 1639 343 1697 enim
366 1658 405 1699 ex
428 1641 593 1700 turbulenta
617 1660 649 1700 re
672 1641 797 1718 publica,
817 1640 865 1699 hic
878 1659 917 1699 ex
930 1658 1001 1717 pace
1015 1649 1045 1698 et
1058 1640 1179 1699 victoria

180 1732 294 1792 bellum
314 1735 460 1795 excitavit.
502 1736 581 1796 Huic
602 1740 747 1815 oppositos
760 1734 901 1797 ⁰eonsules
914 1738 1077 1814 designatos
1091 1738 1179 1797 habe·

180 1848 268 1899 mus;
286 1832 318 1889 in
337 1834 441 1907 quibus
461 1842 505 1892 est
523 1853 629 1912 magua
643 1835 694 1895 illa
707 1836 824 1912 quidem
838 1854 913 1913 spes,
927 1836 977 1894 sed
989 1854 1094 1912 anceps
1108 1852 1178 1894 cura

180 1938 303 2003 propter
322 1928 445 1989 incertos
459 1930 554 1989 exitus
575 1933 758 2008 proeliorum.
798 1933 827 1990 4.
848 1932 1000 1992 Persuade
1013 1933 1066 1992 tibi
1079 1932 1176 2009 igitur,
1185 1944 1216 1993 1⁸

179 2018 225 2079 'in
244 2032 274 2081 te
294 2032 324 2082 et
343 2025 373 2082 in
394 2024 486 2085 Bruto
506 2035 555 2085 tuo
575 2044 638 2086 esse
658 2029 774 2096 omnim
793 2046 846 2087 vos
860 2028 1031 2105 exspectari,
1052 2028 1177 2086 Brutum

179 2119 300 2195 quidem
308 2118 371 2195 jam
382 2120 509 2198 jamque.
552 2120 671 2197 Quodsi,
685 2134 718 2183 ut
730 2142 824 2201 spero,
837 2125 920 2183 victis
933 2125 1061 2183 hostibus
1071 2124 1177 2183 nostris

180 2218 328 2288 veneritis,
341 2214 448 2279 ⁸temen
462 2222 631 2279 auctoritate
646 2230 744 2280 vestra
756 2240 804 2279 res
817 2222 933 2297 publica
946 2229 1084 2298 exsurget
1095 2230 1126 2279 et
1145 2220 1176 2279 in

177 2316 280 2393 aliquo
293 2324 368 2373 statu
383 2316 524 2377 tolerabili
544 2317 686 2377 consistet.
728 2316 803 2377 Sunt
816 2317 894 2375 enim
907 2317 1059 2394 permulta,
1071 2316 1176 2393 quibus

179 2414 238 2473 erit
250 2413 432 2484 medendum,
445 2414 533 2472 etiam
547 2414 572 2472 si
586 2432 632 2472 res
644 2414 763 2491 publiea
775 2414 845 2475 sutis
858 2431 922 2475 ease
932 2413 1077 2475 videbitur
1086 2413 1175 2475 scolc-
1182 2424 1215 2475 ω

177 2511 262 2570 ribus
276 2510 400 2569 hostium
413 2510 544 2570 liberata
585 2508 671 2571 Vale.
746 2578 750 2586 ,
