2934 4692
614 426 792 471 emenonis
813 426 995 471 memoras.

560 683 832 746 EPISTOLA
870 682 1042 744 XXIV!

469 844 534 911 (ser.
545 844 680 895 nonturno
691 842 768 893 vm.
780 842 838 893 nn.
850 843 921 893 nor.
933 844 968 893 A.
979 844 1011 895 υ.
1025 842 1055 896 c.
1069 844 1134 909 τω.)

284 988 432 1054 Tutum
452 990 642 1052 Tennnnnn
663 1004 702 1047 nn
724 988 837 1048 Pmn
857 989 1016 1070 monne,
1037 990 1174 1051 Densus
1197 990 1316 1052 Anms

326 1089 410 1163 Sms,
430 1104 470 1147 nn
492 1083 1171 1159 cicnnommomm,sumss1m
1193 1086 1318 1149 Senon

326 1184 357 1246 S.
378 1185 415 1244 P.
437 1182 475 1242 D.

366 1316 393 1373 1.
415 1310 447 1373 Si
457 1330 509 1371 vos
520 1309 631 1383 voletis,
641 1328 693 1368 nos
703 1310 842 1369 valemus.
883 1310 1021 1370 Vestrum
1030 1311 1094 1388 jam
1103 1314 1256 1372 eonsilium
1270 1324 1318 1383 est,

324 1429 382 1469 non
402 1409 494 1467 solum
512 1426 617 1479 meum,
632 1406 701 1482 quid
715 1406 753 1463 sit
765 1407 848 1466 vobis
861 1406 1032 1467 faciendum.
1074 1408 1105 1469 Si
1118 1407 1179 1469 ¹ille
1195 1408 1317 1467 Romam

324 1506 453 1565 modeste
467 1513 606 1562 venturus
628 1510 679 1573 est,
693 1514 772 1561 reete
793 1505 823 1561 in
837 1506 1002 1580 praesentio
1015 1506 1092 1563 domi
1106 1524 1168 1565 esse
1182 1508 1317 1583 potestis3

325 1602 370 1663 ein
391 1601 477 1659 homo
497 1617 597 1658 amens
619 1598 811 1676 din'piendnm
834 1601 934 1659 urbem
957 1600 1076 1659 daturus
1096 1611 1148 1674 est,
1161 1622 1278 1673 vereor,
1289 1614 1317 1659 ut

298 1696 490 1766 5¹Dolabella
509 1696 572 1773 ipse
594 1696 661 1753 satis
676 1697 757 1754 nobis
773 1697 908 1773 prodesse
922 1699 1020 1775 possit.
1061 1698 1157 1756 Etiam
1170 1699 1246 1757 illud
1259 1719 1314 1757 me·

324 1809 383 1869 tuo,
396 1815 433 1855 ne
449 1792 512 1870 jem
525 1792 758 1861 intercludamus
772 1803 813 1864 ut,
826 1810 916 1867 quum
930 1794 1026 1852 velitis
1044 1796 1134 1868 exire,
1146 1814 1205 1854 non
1225 1796 1316 1854 liceo.

326 1894 482 1969 Reliquum
497 1898 548 1961 est,
563 1888 640 1965 quod
654 1889 735 1966 ipsae
749 1890 858 1966 optime
874 1890 1096 1962 oonsiderabitis,
1110 1893 1199 1949 vestn'
1212 1893 1316 1950 similes

325 1994 450 2053 feminae
463 1992 557 2051 sintne
579 1988 699 2047 Romae.
743 1984 777 2045 si
792 1987 870 2044 enim
884 2004 941 2043 non
955 1996 1030 2057 sunt,
1042 1983 1209 2045 ⁸videndum
1222 2000 1275 2060 est,
1289 1999 1317 2046 nt

325 2092 445 2150 honeste
459 2108 510 2146 vos
525 2106 588 2145 esse
609 2084 730 2163 possitis
776 2080 926 2157 Quomodo
938 2084 1054 2159 quidem
1074 2104 1150 2144 nune
1164 2105 1196 2144 se
1209 2106 1258 2145 1es
1271 2088 1317 2145 hs·

123 2254 128 2267 ,
157 2248 188 2269 ,,
287 2190 383 2261 lubet
406 2186 491 2245 modo
515 2194 548 2242 nt
570 2184 642 2241 haee
664 2180 746 2239 nobis
769 2177 832 2237 loeo
856 2189 954 2237 tenere
978 2178 1250 2251 lioeet⁴bellissime
1274 2184 1317 2241 vd

325 2306 440 2347 mecum
463 2250 512 2344 vei
536 2284 565 2340 in
589 2280 693 2339 nostris
719 2277 844 2355 proediis
865 2295 928 2335 esse
951 2277 1090 2354 poteritis.
1130 2277 1227 2336 Etiam
1249 2280 1318 2337 iilud

326 2386 485 2445 verendum
498 2392 549 2453 est,
563 2400 600 2439 ne
613 2378 696 2437 brevi
711 2386 841 2453 tempore
856 2374 948 2433 fames
960 2375 991 2432 in
1002 2376 1073 2433 urbe
1081 2375 1126 2433 sit.
1167 2376 1194 2433 2.
1217 2374 1274 2433 His
1284 2376 1318 2435 de

325 2484 411 2541 rebus
426 2481 514 2538 velim
534 2496 600 2535 eum
622 2472 793 2549 Pomponio,
808 2489 873 2529 oum
891 2468 1022 2538 Camillo,
1042 2489 1107 2529 cum
1121 2472 1224 2546 quibus
1238 2472 1319 2531 vobis

326 2577 478 2647 videbitur,
493 2570 686 2635 eonsideretis.
728 2568 780 2626 Ad
794 2586 944 2637 summam,
957 2565 1053 2624 animo
1066 2564 1132 2623 soni
1152 2564 1223 2623 sitio
1265 2564 1319 2625 Io·
1423 2621 1424 2628 ,

288 2674 430 2735 lobienus
447 2670 520 2731 ³rem
541 2670 689 2729 meliotem
709 2664 786 2724 feeit.
829 2660 962 2739 Adjuvat
981 2661 1068 2721 etiam
1088 2661 1168 2733 Piso,
1186 2662 1264 2737 quod
1283 2665 1318 2721 ab
1423 2649 1424 2670 ¹

326 2772 398 2831 urbe
420 2770 541 2829 discedit
563 2776 593 2826 et
613 2764 729 2825 sceleris
751 2762 923 2821 oondemnat
946 2755 1095 2837 ⁶generum
1115 2764 1207 2816 stium.
1249 2758 1319 2831 Vos,

325 2888 409 2929 meae
422 2870 587 2929 carissimae
600 2866 723 2937 enimse,
738 2879 826 2937 quam
849 2856 1016 2933 saepissime
1035 2856 1073 2914 ed
1091 2875 1138 2914 me
1151 2856 1279 2927 scribite,
1291 2867 1320 2915 et

327 2986 378 3025 vos
391 2966 460 3043 quid
481 2965 573 3042 agatis
594 2972 623 3021 et
643 2960 713 3037 quid
734 2958 798 3017 istic
811 2962 924 3031 egetur.
968 2951 1092 3027 Quintus
1104 2963 1189 3028 peter
1203 2952 1318 3011 ettilins

327 3072 357 3123 et
368 3060 475 3122 'Rufus
489 3061 570 3121 vobis
584 3060 706 3119 salutem
720 3056 827 3113 dieunt.

286 3170 320 3221 20
368 3160 480 3219 Valete.
521 3156 610 3217 VIII.
627 3152 753 3213 Kalend.
768 3150 856 3207 Febr.
870 3146 1037 3205 Mintumis.

286 3258 1309 3291 ...---—--—--——---

654 3324 673 3364 ¹*
683 3320 728 3374 Ao
738 3320 810 3371 Fam.
819 3316 896 3370 xlv.
909 3321 948 3368 14.
