2934 4692
296 393 355 453 304
625 408 802 451 narsronaa
824 407 1006 452 caueamus.

335 569 502 629 venationes
520 569 606 628 binae
625 587 678 647 per
694 569 756 628 dies
774 569 908 645 quinque,
919 570 1086 645 magnificae
1102 567 1198 645 (nemo
1211 566 1320 645 negat)

335 665 387 725 sed
400 683 474 740 quae
494 674 589 741 potest
601 664 707 722 homini
722 683 785 722 esse
798 664 886 741 polito
900 664 1060 735 delectatio,
1073 682 1163 739 quum
1175 673 1228 721 aut
1241 664 1323 722 hom

335 761 493 819 imbecillus
504 780 522 818 a
535 756 752 818 ¹⁹vu1enussima
761 760 854 818 bestia
864 760 996 830 laniatur,
1009 768 1059 817 aut
1072 760 1223 835 praeclara
1235 759 1324 817 hestia

335 857 478 916 venabulo
487 854 755 915 transverberatur?
771 854 854 929 Quae
863 851 1017 926 tamen,”si
1026 855 1151 913 videnda
1159 865 1233 927 sunt,
1239 874 1322 931 saepe

309 951 449 1020 tvidisti;
469 970 564 1027 neque
585 969 646 1022 nos,
659 950 710 1025 qui
726 947 819 1009 ²¹haec
841 961 1011 1027 spectamus,
1025 950 1184 1026 quidquam
1205 952 1266 1008 nori
1279 951 1322 1006 vi·

335 1046 438 1106 dimus.
480 1046 637 1103 Extremus
650 1042 890 1120 ”elephantorum
900 1044 961 1102 dies
975 1044 1046 1113 fuit;
1066 1046 1096 1101 in
1106 1064 1164 1120 quo
1177 1044 1322 1103 admiratio

335 1162 441 1220 magna
452 1142 528 1218 vulgi
544 1152 630 1217 atque
643 1141 755 1213 turbae,
765 1140 916 1200 delectatio
930 1142 1010 1199 nulla
1023 1142 1140 1199 exstitit
1184 1139 1264 1215 Quin
1276 1142 1324 1199 eti·

335 1258 382 1298 am
396 1238 592 1297 misericordia
602 1238 745 1314 quaedam
759 1248 912 1297 consecuta
922 1248 1063 1314 astatque
1073 1238 1323 1314 opiniuejusmod,

336 1354 399 1395 esse
413 1336 557 1411 quandam
571 1334 612 1391 illi
626 1334 729 1393 beluae
743 1353 809 1393 cum
823 1354 930 1411 genere
943 1336 1069 1393 humano
1081 1335 1258 1393 societatem.

298 1445 329 1493 ιο
377 1434 404 1489 4.
427 1430 483 1489 His
497 1450 550 1507 ego
564 1439 660 1489 tamen
674 1430 785 1503 diebus,
799 1432 875 1490 ludis
889 1433 1016 1504 scenicis,
1029 1451 1067 1490 ne
1080 1432 1153 1491 forte
1166 1431 1271 1489 videar
1277 1431 1324 1491 eui

335 1548 393 1587 non
407 1527 490 1587 modo
504 1528 614 1599 heatus,
628 1528 679 1585 sed
693 1528 767 1586 liber
782 1530 897 1587 omnino
909 1528 1007 1601 fuisse,
1020 1528 1115 1604 dirupi
1129 1547 1178 1586 mc
1192 1547 1286 1603 paene
1298 1529 1331 1585 in·

331 1624 441 1701 judicio
464 1620 543 1683 Galli
565 1622 689 1696 Caninii,
710 1623 862 1684 familiaris
882 1626 931 1683 tui.
982 1624 1092 1699 Quodsi
1110 1635 1171 1683 tam
1193 1622 1325 1683 ¹*fatalem

336 1723 472 1799 populum
492 1722 638 1795 haberem,
651 1741 738 1797 quam
753 1722 886 1798 Aesopus
900 1722 1009 1792 habuit,
1029 1721 1150 1779 libenter
1163 1721 1325 1779 mehercule

336 1828 429 1876 artem
449 1818 618 1889 desinerem,
633 1830 787 1895 tecumque
801 1828 910 1878 etcum
926 1817 1066 1875 similibus
1086 1818 1175 1874 nostri
1191 1818 1326 1875 viverem

298 1914 414 1977 ltNam
428 1933 475 1973 me
489 1912 597 1991 “quum
612 1926 698 1974 antea
711 1916 853 1987 taedebat,
866 1933 955 1989 quum
969 1923 998 1971 et
1011 1923 1091 1972 aetas
1104 1923 1134 1971 et
1146 1914 1271 1971 ambitio
1283 1932 1327 1970 me

336 2014 504 2071 hortabatur
518 2022 548 2071 et
560 2013 664 2071 licebat
678 2013 811 2089 denique,
825 2029 911 2088 quem
931 2010 1073 2081 nolebam,
1086 2029 1143 2068 non
1164 2010 1327 2080 defendere,

336 2118 398 2167 tum
413 2128 481 2167 vero
499 2110 554 2168 hoc
568 2120 697 2186 tempore
712 2110 773 2166 vita
785 2106 886 2165 ‘trulla
899 2116 951 2165 est.
992 2106 1098 2182 Neque
1111 2107 1190 2164 enim
1205 2107 1326 2165 fructura

337 2204 429 2264 ullum
450 2206 555 2265 laboris
580 2216 724 2283 exspecto,
748 2214 778 2263 et
799 2223 885 2281 cogor
903 2221 1107 2278 nonnunquam
1127 2203 1261 2260 homines
1273 2222 1325 2261 nou

336 2306 444 2382 optime
458 2306 494 2364 de
508 2324 555 2363 mc
569 2306 685 2363 meritos
700 2311 801 2379 rogatu
815 2320 922 2371 corum,
935 2300 985 2375 qui
999 2299 1181 2357 benemeriti
1196 2310 1273 2369 sunt,
1282 2300 1327 2357 de·

297 2402 465 2465 attendere.
507 2402 534 2459 5.
556 2400 659 2477 Itaque
680 2418 790 2476 quaero
810 2416 911 2456 causas
930 2414 1029 2454 omnes
1043 2396 1199 2471 aliquando
1212 2397 1326 2455 vivendi

336 2500 476 2558 arbitratu
497 2516 570 2571 meo,
584 2508 670 2574 teque
685 2507 714 2554 et
727 2497 811 2553 istam
826 2495 965 2551 rationem
978 2493 1030 2550 otii
1043 2492 1085 2550 tui
1099 2501 1129 2550 et
1142 2492 1231 2552 laudo
1244 2493 1327 2550 vehe-

337 2606 448 2654 menter
462 2608 490 2654 et
504 2596 602 2671 probo,
616 2593 751 2669 quodque
764 2609 816 2649 nos
829 2590 923 2647 minus
933 2588 1087 2660 intercisis,
1095 2588 1150 2646 hoc
1160 2586 1224 2647 sero
1234 2590 1326 2646 animo

336 2692 481 2767 aequiore,
495 2690 581 2766 quod,
594 2690 619 2747 si
637 2688 748 2747 Romae
762 2705 848 2756 esses,
862 2694 958 2743 tamen
971 2702 1068 2759 neque
1084 2702 1137 2741 nos
1157 2684 1260 2760 lepore
1273 2694 1325 2754 tna

337 2806 431 2863 neque
446 2797 482 2858 te,
496 2786 520 2845 si
534 2786 583 2863 qui
598 2786 685 2845 estin
698 2803 754 2854 me,
767 2802 833 2841 meo
845 2781 903 2839 frui
916 2781 1015 2839 liceret
1035 2790 1152 2857 propter
1165 2781 1325 2839 molestissi-

298 2894 400 2943 ttmas
414 2883 614 2959 occupationes
628 2898 724 2949 meas3
746 2878 850 2954 quibus
864 2876 888 2934 si
898 2894 945 2934 me
955 2875 1097 2947 relaxaro,
1108 2874 1233 2951 (nam,ut
1244 2876 1323 2952 plane

337 2978 496 3049 exsolvam,
509 2997 565 3037 non
580 2975 713 3055 postulo‚)
730 2985 759 3033 te
773 2976 875 3050 ipsum,
885 2973 935 3047 qui
948 2971 1053 3030 multos
1066 2989 1156 3029 annos
1166 2972 1240 3028 nihil
1251 2972 1323 3030 aliud

338 3075 546 3147 commentaris,
568 3074 675 3133 docebo
700 3070 835 3149 profecto,
858 3068 927 3145 quid
950 3068 988 3125 sit
1009 3063 1194 3124 ¹⁸humaniter
1219 3068 1323 3125 vivere

337 3169 384 3228 Tu
406 3172 475 3228 mihi
495 3172 580 3230 modo
600 3172 684 3230 istam
698 3168 922 3228 imbecillitatem
936 3164 1108 3222 valetudinis
1121 3173 1189 3221 tuae
1199 3174 1323 3223 sustenta

337 3277 368 3326 et
394 3277 483 3340 tuere,
504 3277 537 3326 ut
557 3267 637 3340 facis,
661 3276 692 3325 ut
715 3256 828 3324 nostras
849 3264 933 3320 villas
953 3260 1035 3319 obire
1055 3268 1085 3317 et
1106 3278 1223 3318 mecum
1242 3260 1323 3319 simul

296 3374 330 3423 30
337 3363 468 3423 lecticula
488 3382 658 3422 concursare
678 3363 777 3438 possis
820 3361 846 3417 6.
869 3359 952 3416 Haec
972 3356 1010 3415 ad
1031 3366 1060 3412 te
1080 3355 1210 3431 pluribus
1231 3356 1322 3414 verbis

337 3460 445 3536 scripsi,
465 3478 552 3536 quam
573 3459 658 3530 soleo,
679 3478 736 3517 non
757 3457 807 3516 otii
827 3454 1011 3525 abundantia,
1024 3451 1075 3509 sed
1089 3453 1195 3509 amoris
1205 3462 1322 3528 ergata,

337 3556 413 3631 quod
434 3576 480 3613 mc
501 3556 625 3632 quadam
646 3554 767 3630 epistola
787 3552 988 3619 subinvitaras,
1001 3549 1026 3607 si
1039 3548 1180 3606 memoria
1193 3559 1281 3617 tenea
1293 3556 1322 3604 ut

338 3652 375 3709 ad
389 3661 417 3709 te
431 3652 540 3728 aliquid
553 3650 693 3726 ejusmodi
707 3650 870 3719 scriberem,
884 3666 942 3723 quo
954 3646 1050 3703 minus
1060 3653 1089 3702 te
1099 3644 1321 3719 praetermisisse

337 3748 418 3806 ludos
432 3750 599 3825 poeniteret.
641 3746 726 3821 Quod
741 3747 765 3805 si
779 3755 926 3826 assecutus
940 3762 1012 3812 sum,
1020 3742 1150 3818 gaudem
1171 3742 1216 3798 sin
1224 3741 1320 3809 minus,

298 3845 391 3905 abhoc
411 3864 457 3903 me
476 3854 571 3903 tamen
586 3844 723 3913 consolor,
736 3842 814 3918 quod
829 3841 946 3917 posthac
958 3840 997 3897 ad
1010 3838 1091 3896 ludos
1103 3838 1204 3896 venies
1217 3853 1319 3911 nosque

337 3941 422 4012 vises,
435 3936 550 4018 ”neque
570 3941 599 3999 in
614 3939 740 4016 epistolis
753 3938 899 4013 relinques
913 3936 985 3994 meis
999 3952 1079 4011 spem
1093 3934 1219 4009 aliquam
1233 3932 1319 3991 delec-

337 4037 451 4096 tationis
465 4048 539 4097 tuae.
580 4036 664 4096 Vale.
