2934 4692
598 423 728 468 susino.
1113 409 1174 470 287

135 585 220 648 kuni
230 587 262 646 iu
273 585 401 662 quodum
418 583 570 661 splendore
589 583 713 654 sotensi3
731 584 859 644 fructum
876 584 1064 646 domesticum
1075 605 1133 646 non

136 686 257 745 habeut
282 677 506 757 Imquelquum
516 678 1135 758 beue¹⁰oompletudomusesttemporems=

136 783 337 854 eumenum
350 778 389 836 sd
400 775 496 835 forum
505 777 604 853 stipsti
612 778 749 854 gregium
759 779 917 836 umioorum
925 778 1134 850 descendimus,

136 875 431 954 seperireexmngus
441 873 527 931 turbs
534 874 678 931 neminem
688 891 846 950 pommus,
855 885 979 950 quoeum
986 874 1134 950 sutjoossi

135 973 229 1032 libese
239 980 291 1030 sut
303 970 447 1046 suspirare
459 968 641 1028 familiariter
650 971 799 1046 possimus.
836 970 934 1044 Quoue
944 980 973 1030 te
984 981 1133 1049 exspecte-
1155 983 1173 1034 s

136 1068 465 1139 mustedesidemmus,
472 1076 503 1124 te
508 1065 572 1142 jum
582 1067 863 1136 etiumsmssimun
875 1067 966 1126 multu
973 1069 1135 1143 eustenius,

138 1184 215 1241 quse
227 1183 275 1223 me
288 1163 441 1222 sollicitent
455 1171 630 1239 augentque,
640 1181 716 1238 quse
728 1163 801 1220 mihi
814 1163 922 1236 videor,
935 1183 1020 1224 eures
1033 1174 1134 1224 uectus

137 1270 212 1332 m,
225 1261 311 1320 unius
325 1259 527 1317 ambulationis
542 1277 673 1316 sermone
684 1259 839 1318 ahsorne
849 1277 940 1336 posse
982 1261 1008 1317 2.
1028 1261 1076 1319 Ao
1085 1262 1135 1320 do-

137 1357 324 1416 mestiourum
333 1356 451 1432 quidem
466 1355 690 1414 sollicitudinum
703 1356 819 1414 eculeos
832 1375 931 1416 omues
945 1365 974 1415 et
986 1358 1134 1434 scrupulos

137 1453 298 1525 wultobo,
319 1471 416 1528 neque
437 1470 491 1530 ego
511 1452 580 1511 huie
599 1451 739 1528 epistolae
760 1461 847 1528 utque
867 1453 964 1530 ignoto
984 1455 1134 1514 tebellmio
1143 1466 1177 1516 1⁰

137 1551 325 1610 oommittum.
364 1548 465 1625 Atque
491 1548 522 1606 hi
545 1547 625 1626 (nolo
645 1549 723 1607 euim
742 1558 773 1607 te
792 1551 968 1627 permoveri)
990 1569 1048 1610 nou
1068 1561 1136 1611 suut

137 1647 314 1723 pemolesfi,
337 1646 391 1704 sed
413 1654 511 1703 tomen
532 1645 659 1702 insident
676 1653 708 1703 et
726 1653 874 1721 usgeutet
893 1645 1136 1706 nulliusumsutis

137 1742 257 1802 oonsilio
270 1751 322 1800 eut
335 1759 468 1800 wrmoue
481 1741 673 1816 requiescunt.
712 1740 749 1798 In
759 1741 917 1816 republica
927 1761 1005 1813 veno,
1015 1740 1137 1818 ”quem-

137 1856 227 1914 qnam
239 1839 352 1896 suimus
366 1844 411 1894 est
427 1854 573 1912 prseseus,
586 1843 685 1893 tumen
700 1835 831 1894 voluntte
844 1836 931 1894 etium
945 1847 1031 1913 etque
1047 1839 1135 1896 etiem

136 1935 203 2011 ipss
215 1934 388 1994 medisinam
402 1931 518 2009 refugit.
559 1932 647 2003 Num,
661 1932 883 2004 menbratim,
893 1951 968 2008 quoe
979 1943 1043 2010 post
1053 1942 1134 1992 tuum
1144 1945 1176 1995 15

136 2031 297 2090 dissessum
310 2038 377 2088 eote
388 2037 463 2100 sunt,
478 2027 621 2105 oolligem
636 2026 700 2103 jem
719 2025 886 2087 ”exclames
899 2047 1017 2088 neeesse
1030 2039 1075 2088 est
1087 2049 1134 2088 res

138 2126 288 2187 Romanus
301 2127 408 2184 diutius
422 2133 499 2184 stsre
509 2143 567 2182 uon
581 2143 673 2201 posse.
713 2123 843 2196 Etenim,
853 2134 918 2201 post
931 2125 1135 2201 profectionem

135 2232 227 2294 mum,
253 2220 393 2299 ”prinus
412 2230 447 2280 ut
465 2222 576 2297 opinor,
595 2221 729 2279 innuitus
755 2219 811 2278 suit
830 2221 860 2278 iu
880 2239 998 2280 oensem
1020 2220 1136 2281 lehulue

137 2317 317 2386 Godisum
336 2319 368 2376 iu
381 2336 440 2395 qus
452 2335 508 2394 ego
522 2325 632 2387 neotus,
645 2326 678 2374 ut
689 2316 761 2374 mihi
775 2317 905 2389 videbar,
915 2313 1029 2376 1¹loouus
1037 2314 1136 2376 ”sese-

135 2417 249 2476 mune
271 2414 398 2474 libidinis
424 2424 456 2472 et
477 2413 654 2472 ooereeudse
671 2411 842 2489 juventutis,
861 2413 1017 2472 vehemens
1037 2412 1080 2473 lui
1105 2421 1175 2474 etse

136 2530 237 2572 omues
252 2510 368 2588 profudi
383 2510 460 2568 vires
472 2508 563 2568 enimi
576 2519 664 2584 utque
677 2509 788 2584 ingenii
801 2510 867 2580 mei,
881 2527 939 2567 non
951 2509 1017 2567 odio
1030 2509 1136 2568 adduo-

135 2617 185 2668 tus
205 2606 336 2684 alicujus,
357 2606 409 2666 sed
427 2623 481 2682 spe
501 2606 546 2663 rei
566 2605 700 2681 publioee
714 2601 935 2680 1⁸corrigendaeb
949 2614 977 2663 et
990 2605 1135 2664 wneudse

136 2706 271 2764 (sivimus.
311 2704 340 2762 3.
359 2702 478 2761 Affliete
497 2719 545 2760 nes
566 2701 683 2777 publiea
701 2711 746 2760 est
764 2695 882 2778 ¹¹empto
895 2709 1136 2778 eonstuprstoque

133 2801 253 2878 jndicio.
293 2800 381 2873 Vide,
394 2817 470 2876 quse
485 2800 543 2857 siut
564 2809 665 2875 posteo
682 2807 844 2858 eouseoote
883 2795 1013 2857 ”Consul
1026 2807 1071 2858 est
1083 2799 1136 2858 im·

137 2898 246 2976 positus
259 2899 286 2956 is
298 2898 390 2968 nobis,
404 2913 493 2972 quem
505 2913 592 2952 nmo
605 2904 722 2971 praeter
731 2913 784 2953 uos
794 2895 976 2972 philosophos
986 2895 1176 2972 adspiouess

136 2995 202 3054 sine
214 2995 351 3072 suspiritu
371 2993 469 3070 possit.
514 2991 663 3067 Quantum
677 2992 733 3050 boc
747 2989 873 3050 vulnus?
915 2991 1007 3050 Fsoto
1020 3000 1136 3052 senatus

136 3091 266 3151 ooosulto
287 3092 325 3149 de
346 3091 464 3162 ambitu,
478 3090 515 3149 de
532 3088 658 3164 judieiis,
672 3089 753 3148 nulla
775 3089 825 3148 lex
840 3089 960 3166 perlate,
973 3089 1137 3166 exagitatus

136 3197 263 3259 senune,
276 3183 414 3246 l'ulieuoti
429 3187 542 3262 equites
559 3185 693 3244 Romuui.
735 3183 786 3245 Sio
799 3186 848 3245 ille
861 3205 951 3245 eunus
966 3186 1023 3246 duo
1042 3187 1138 3245 flume-

135 3291 237 3342 mento
254 3283 296 3342 rei
317 3282 459 3358 paulinae,
475 3301 529 3358 per
542 3299 590 3340 me
605 3301 696 3341 uuum
709 3283 1006 3354 eonstitute,eve1tit;
1026 3299 1093 3339 nem
1107 3290 1138 3339 et

135 3389 253 3437 senstus
268 3379 467 3436 auctoritatem
484 3377 590 3453 abjecit
605 3388 635 3436 et
648 3379 781 3437 oudinum
795 3379 975 3437 concordiam
986 3376 1134 3451 disjunxit.
1143 3387 1176 3436 ³⁰

136 3475 156 3510 ⁸
178 3475 196 3510 '¹
218 3475 236 3510 '¹
257 3475 275 3510 '¹
297 3474 315 3509 ⁵
336 3474 354 3509 ⁵
376 3475 404 3531 l.
427 3473 484 3531 Est
504 3484 601 3535 sutem
625 3473 658 3534 C.
680 3474 849 3533 Herennius
869 3474 986 3550 quidum
1004 3473 1137 3530 t1ibnnus

136 3571 184 3648 pl„
197 3588 286 3647 quem
300 3579 332 3630 tn
353 3570 475 3632 fortusse
496 3593 534 3634 ue
554 3575 628 3633 nosti
643 3574 760 3650 quidem
773 3595 781 3642 ς
801 3573 915 3632 temetsi
935 3579 1016 3648 potes
1034 3587 1137 3638 nosse;

136 3669 250 3727 tribulis
264 3670 341 3728 enim
364 3681 430 3734 tuus
453 3682 504 3745 est,
526 3683 557 3734 et
578 3669 694 3745 Sextus,
708 3683 792 3749 peter
805 3670 876 3746 ejus,
889 3665 1042 3726 ¹⁰nummos
1055 3665 1137 3724 vobis

136 3765 270 3826 dividere
284 3769 413 3828 solebat:
434 3771 460 3828 is
480 3767 539 3828 ”ed
559 3770 673 3846 plebem
688 3769 724 3826 P.
742 3767 875 3828 Clodium
888 3765 1028 3831 traducit3
1048 3763 1138 3821 idem·

137 3880 194 3937 que
206 3861 294 3935 ”lert
310 3873 342 3924 ut
363 3866 515 3924 universus
535 3865 657 3942 populus
675 3866 705 3923 in
719 3883 821 3942 oumpo
842 3863 952 3921 Martio
966 3859 1135 3936 suffragium
1143 3871 1176 3918 ts

275 4047 369 4098 Besso.
386 4045 436 4096 1v.
468 4045 553 4183 ‘glist-
563 4046 611 4097 bet
623 4046 711 4112 ωπίφο
721 4047 772 4097 sud
782 4043 881 4096 muido.
915 4043 949 4094 V.
961 4057 986 4093 n.
1000 4047 1038 4093 16.

462 4127 479 4183 l
1000 4138 1015 4183 s
