2934 4692
307 392 366 453 328
636 408 814 452 nrrsronau
835 408 1019 454 menuctus.

345 570 493 629 nobiscum
517 577 602 629 emunt
624 577 661 642 et,
684 578 717 628 ut
738 570 868 643 arbitror,
892 571 1000 631 diutius
1022 571 1061 631 ibi
1088 572 1321 632 commorabimm.

346 664 475 724 Lebrum
496 665 519 723 si
539 666 570 722 in
590 665 704 724 balineo
717 684 774 723 non
787 676 838 737 eet,
852 674 885 725 ut
897 668 954 736 sit;
973 667 1043 726 item
1055 676 1163 738 cetera,
1175 684 1250 743 quac
1268 676 1321 727 eunt

344 762 382 821 ad
396 762 503 821 victum
516 769 546 819 et
559 760 754 821 valetudinem
768 764 937 823 necessaria.

383 856 467 916 Vale.
509 855 576 916 Kal.
591 855 706 917 Octobr.
720 854 937 917 de⁸Venusine

562 1170 831 1235 EPISTOLA
870 1174 1081 1235 XXXII!

558 1330 623 1397 (Ser.
634 1330 730 1383 Romae
738 1348 822 1385 mense
829 1332 897 1399 Sept
904 1334 939 1386 Δ.
946 1332 979 1385 U.
988 1333 1019 1387 O.
1029 1332 1094 1398 ⁵1⁰8.)

496 1459 684 1513 A.U.O.708.
716 1462 785 1513 Ante
798 1463 827 1514 c.
839 1463 872 1513 N.
885 1467 924 1514 46.
954 1462 1146 1515 AnniCicbl.

413 1590 483 1643 Coss.
501 1590 530 1643 (i.
544 1591 648 1643 Junrns
665 1591 777 1644 ciem
794 1594 853 1655 111„
871 1594 908 1644 M.
924 1594 1070 1645 Διιιιιιιιιι
1085 1594 1225 1644 Lcmnns.

333 1719 425 1770 caesa
435 1720 505 1769 initio
520 1719 611 1769 menan
627 1719 721 1784 Aprilis
735 1704 878 1786 scipionem
890 1722 1018 1773 esuum
1030 1723 1113 1773 vinea
1150 1718 1318 1771 Pendentem

298 1810 356 1866 post
373 1800 409 1850 M„
428 1800 492 1851 Ceto
504 1800 592 1851 Uticae
609 1800 656 1849 sibi
673 1815 779 1851 mortem
791 1804 927 1852 consciscit
962 1802 1062 1863 Caesar,
1071 1802 1194 1852 Africano
1205 1801 1317 1850 helinton
1398 1803 1400 1832 2

298 1882 370 1943 fecto,
382 1882 445 1932 Idib.
459 1880 519 1931 Jun.
532 1882 636 1931 classem
648 1884 798 1943 conscendit,
810 1891 835 1932 et
845 1885 884 1932 die
896 1885 968 1933 tertio
977 1884 1002 1933 in
1013 1884 1156 1934 Sardiniam
1165 1883 1238 1930 venit
1267 1880 1317 1929 Inde

298 1963 347 2013 111.
364 1962 423 2013 Kal.
436 1963 521 2024 Quint
531 1960 654 2025 profectus
666 1962 767 2013 Roman
778 1964 846 2013 venit
856 1979 878 2012 a
889 1964 913 2013 d
925 1964 987 2014 vn.
1001 1964 1059 2013 Kal.
1072 1963 1147 2014 Sext„
1178 1962 1217 2011 Ibi
1228 1972 1317 2026 quatuor

297 2044 428 2107 triumphis
439 2044 499 2092 actis
511 2058 562 2091 rern
572 2042 647 2106 publ..
655 2058 780 2093 summam
792 2053 938 2108 potestatem
950 2053 1045 2105 nectus,
1054 2044 1190 2093 constitnit
1213 2042 1316 2091 Exnene

297 2138 363 2176 anno
380 2124 413 2173 ad
433 2124 525 2173 bellum
548 2122 712 2187 Hispaniense
730 2124 847 2174 adrasus
865 2125 979 2189 Pompeii
1000 2124 1088 2173 liberos
1106 2123 1231 2189 profectus
1245 2130 1316 2181 estet

296 2213 354 2270 post
369 2204 485 2255 XXVII.
503 2206 555 2255 dies
571 2207 596 2255 in
615 2206 762 2271 Hispaniam
780 2209 854 2257 venit.
887 2207 983 2257 Eodem
1002 2220 1068 2255 anno
1081 2204 1177 2255 Caesar
1191 2204 1262 2253 asta
1275 2217 1315 2251 enr-

296 2285 368 2345 rexit‚
380 2294 412 2345 et,
424 2293 453 2334 ut
468 2285 492 2334 in
509 2294 634 2350 posterum
645 2301 679 2337 ex
697 2287 753 2336 Kal.
769 2287 826 2337 Jan.
844 2295 984 2350 temporum
1001 2285 1064 2334 ratio
1081 2286 1164 2348 magis
1182 2293 1314 2347 congrueret
1398 2275 1400 2328 ἶ

295 2364 359 2413 inter
374 2363 506 2415 Novembr.
518 2375 543 2416 st
554 2366 718 2417 Decembrem
730 2382 826 2417 menses
838 2367 900 2417 duos
911 2366 974 2416 elios
984 2365 1108 2428 interjecit,
1117 2365 1155 2414 ita
1162 2364 1313 2421 uthicanunn,
1398 2427 1399 2432 ¹

295 2451 392 2494 servato
408 2457 490 2495 vetere
506 2460 590 2497 mense
607 2448 768 2507 intercalario,
781 2446 841 2496 XV.
852 2447 975 2496 mensinm
986 2453 1056 2494 esset

328 2524 415 2576 Cicero
431 2526 455 2575 h.
471 2542 493 2575 a
511 2526 654 2577 Portitienes
675 2526 806 2588 oratorias,
823 2527 912 2577 deiude
930 2524 1034 2575 wedene
1057 2523 1152 2575 Germia
1168 2524 1267 2587 scripsit,
1281 2520 1312 2571 ai
1398 2529 1399 2546 ¹

297 2602 390 2655 Caesar
404 2604 583 2655 Anti-Ceterum
600 2608 723 2671 opposuit
757 2607 854 2657 Deinde
872 2606 969 2670 scripsit
983 2602 1100 2654 Οναιοναιι
1116 2604 1151 2653 ad
1167 2603 1204 2652 M.
1215 2603 1313 2660 Brutum,

295 2685 338 2750 qui
354 2692 407 2734 tum
421 2685 517 2735 Galliae
535 2684 677 2750 Cisalpinae
693 2694 810 2750 praeerat.
843 2686 910 2736 Prid.
926 2685 984 2734 Kal.
1002 2683 1140 2734 intercalar.
1156 2684 1245 2748 priores
1259 2679 1312 2746 apud

296 2764 426 2815 Caesarem
438 2765 523 2815 babuit
534 2767 669 2815 orationem
681 2782 725 2831 pro
740 2764 768 2824 Q.
781 2766 887 2832 Liqnn'a
897 2780 971 2830 quem
983 2765 1014 2826 Q.
1025 2764 1113 2815 Aelius
1122 2764 1222 2813 Tubero
1230 2776 1312 2812 eennat-

295 2851 368 2895 verat
382 2844 502 2896 Extremo
514 2860 580 2895 anno
591 2862 648 2896 eum
661 2844 779 2895 Terentia
790 2860 870 2895 uxore
881 2846 1015 2895 divortium
1025 2845 1090 2895 fecit.

483 2972 527 3030 M.
548 2973 584 3031 T.
607 2971 730 3034 Oronno
754 2972 784 3033 S.
807 2966 848 3031 Ι).’
866 2968 921 3031 ¹bL
942 2972 1139 3031 Maacnnuo.

307 3114 323 3161 d
374 3102 401 3161 1.
423 3102 487 3159 Etsi
501 3120 536 3161 eo
550 3112 579 3160 te
592 3103 687 3161 adbuc
700 3099 830 3161 ’oonsilio
840 3120 924 3159 nsum
939 3100 1076 3177 intelligo,
1087 3110 1118 3157 ut
1131 3100 1162 3157 id
1175 3096 1310 3175 repreben-

333 3199 402 3257 dere
422 3218 478 3257 non
499 3200 630 3270 audeam,
644 3218 701 3259 non
722 3199 792 3276 quin
807 3200 844 3256 ab
860 3217 895 3257 eo
916 3199 978 3274 ipse
993 3197 1168 3268 dissentiam,
1182 3195 1230 3253 sed
1248 3188 1309 3267 quod

334 3314 369 3353 ea
389 3304 417 3353 te
438 3295 577 3371 snpientia
591 3314 654 3354 esse
670 3296 807 3372 judicem,
823 3307 855 3354 ut
868 3314 965 3354 meum
980 3294 1129 3353 consilium
1141 3311 1198 3350 non
1211 3302 1309 3362 antepo

332 3410 400 3449 narn
420 3400 489 3460 tno;
509 3400 605 3451 tamen
626 3402 656 3451 et
676 3394 819 3453 amicitiae
840 3403 955 3451 nostrae
969 3400 1098 3450 vetustae
1111 3399 1141 3447 et
1154 3400 1204 3447 tua
1215 3399 1309 3444 summa

332 3506 404 3563 erga
423 3506 469 3546 me
490 3484 697 3561 benevolentia,
711 3510 786 3565 qnae
806 3491 877 3547 mihi
895 3488 958 3565 jam
974 3508 993 3547 a
1013 3486 1137 3563 pueritie
1150 3496 1200 3543 tue
1212 3480 1307 3557 cognite

294 3593 384 3654 locst,
399 3602 445 3641 me
465 3585 577 3643 hortata
591 3595 642 3656 est,
656 3596 688 3644 ut
702 3606 739 3645 ea
752 3588 906 3645 scriberem
921 3587 959 3644 ad
979 3595 1017 3656 te,
1030 3602 1105 3659 qnae
1120 3592 1150 3640 et
1162 3579 1242 3639 saluti
1253 3588 1306 3632 tusc

333 3681 492 3740 conducere
512 3682 669 3741 arbitrarer
688 3692 718 3741 et
738 3702 795 3740 non
809 3684 905 3742 aliena
918 3701 983 3741 esse
996 3682 1131 3740 ducerem
1146 3698 1166 3736 a
1178 3673 1305 3752 dignitate

332 3777 360 3835 2.
382 3778 447 3854 Ego
469 3796 535 3837 eum
549 3788 578 3837 te
600 3796 672 3849 esse,
684 3778 735 3853 qui
761 3778 862 3836 horum
885 3778 1028 3835 malorum
1050 3776 1134 3833 initia
1155 3772 1241 3831 multo
1252 3773 1306 3823 aab

332 3874 447 3945 videris,
461 3875 639 3933 consulatum
660 3874 941 3950 magnificentissime
961 3883 1048 3949 atque
1066 3872 1172 3948 optime
1193 3858 1304 3943 generis
1398 3909 1399 3914 κ

672 4038 916 4090 *Arrenius
1013 4011 1016 4017 ⁴
