2934 4692
269 412 329 473 310
598 427 776 473 arrsronaa
797 424 979 472 merrom.

318 653 362 715 IL
383 652 529 713 Tunnms
550 652 594 711 Μ.
616 653 652 711 F.
675 652 800 713 &caeo
822 654 966 714 Pnooos.
988 651 1018 713 S.
1039 652 1077 711 Ρ.
1098 651 1138 711 Ι).
1158 649 1258 711 Coss.

520 748 662 807 Patara.
682 748 797 807 Tama.
818 749 878 807 Pa.
898 748 1050 809 Sauum.

351 878 377 935 1.
398 875 440 937 ¹S.
455 878 493 935 V.
507 876 546 936 V.
560 878 596 935 B.
611 876 648 935 E.
663 878 700 935 E.
716 877 753 951 Q.
768 876 807 934 V.
849 876 947 951 Quum
961 878 1054 954 pridie
1073 878 1198 937 Kalend.
1218 876 1312 939 Sext.

308 973 339 1031 in
351 970 541 1049 'provinciam
554 974 697 1031 venissem
712 988 806 1048 neque
825 972 967 1030 matudus
986 980 1106 1049 propter
1122 974 1258 1032 itinerum
1273 980 1312 1032 et

308 1070 525 1148 navigationum
546 1068 741 1127 difficultatem
753 1068 855 1127 venire
871 1069 1036 1145 potuissem,
1049 1070 1177 1128 maxime
1196 1086 1312 1128 eonve-

308 1166 372 1224 nire
386 1166 476 1224 officio
490 1182 556 1223 meo
575 1165 675 1241 reique
696 1164 832 1241 publieae
842 1164 1002 1223 eonduoere
1016 1166 1124 1241 putavi,
1136 1184 1242 1242 parare
1256 1184 1313 1237 ea,

282 1272 383 1337 oquae
404 1262 441 1320 ad
462 1260 621 1321 exereitum
641 1277 774 1336 quaeque
793 1259 832 1318 ad
857 1278 920 1319 rem
939 1262 1094 1319 militarem
1113 1263 1312 1338 pertinerent.

310 1358 394 1433 Quae
407 1374 497 1433 quum
511 1366 607 1417 essent
619 1374 637 1416 a
650 1374 698 1415 me
711 1376 782 1416 eura
794 1358 888 1434 magis
899 1366 929 1417 et
941 1358 1092 1435 diligentia
1103 1377 1190 1433 quam
1209 1358 1314 1418 saeui-

308 1468 368 1515 tate
379 1465 408 1514 et
421 1458 503 1533 eopia
516 1456 677 1527 constituta,
690 1455 843 1531 nuntiique
853 1464 882 1513 et
895 1455 1010 1514 litterae
1020 1456 1056 1514 de
1066 1456 1141 1515 bello
1150 1472 1169 1514 a
1179 1456 1312 1515 Partb'n

308 1553 339 1610 in
361 1552 538 1629 provinciam
563 1550 679 1629 Syriam
703 1552 783 1609 illato
808 1551 936 1627 quotidie
959 1551 1021 1609 fere
1045 1551 1225 1623 afferrentur,
1245 1554 1315 1611 itu

308 1648 378 1706 mihi
392 1646 554 1706 faciendum
574 1666 627 1724 per
647 1646 826 1725 Lycaoniam
838 1655 869 1705 et
881 1662 935 1723 per
947 1646 1065 1705 Isaurm
1077 1658 1108 1706 et
1120 1666 1172 1723 per
1184 1647 1315 1725 Cappa-

271 1757 302 1806 10
310 1745 419 1803 dociam
441 1744 595 1803 arbitratus
609 1762 681 1801 sum.
722 1743 797 1801 Erat
810 1744 887 1801 enim
900 1760 1007 1820 magna
1019 1745 1149 1820 suspicio,
1166 1744 1315 1819 Parthos,

310 1842 334 1899 si
348 1860 386 1899 ex
402 1838 489 1918 Syria
502 1840 601 1917 egredi
621 1848 708 1916 atque
722 1840 885 1915 irrumpere
898 1840 929 1897 in
946 1858 1043 1898 meam
1062 1842 1240 1917 provinciam
1253 1860 1316 1901 α)-

308 1946 454 2007 narentur‚
463 1938 519 1995 iter
527 1933 587 1995 ⁸eos
601 1955 654 2012 per
668 1934 889 2013 Cappadociam,
901 1936 978 2011 quod
992 1954 1027 1995 ea
1040 1937 1166 1995 maxime
1178 1946 1315 2013 pateret,

309 2050 372 2092 esse
385 2032 518 2092 facturos.
560 2032 587 2089 2.
608 2032 712 2107 Itaque
733 2051 799 2090 cum
812 2033 943 2091 exereitu
958 2051 1011 2109 per
1023 2031 1222 2108 Cappadociae
1235 2052 1316 2110 par·

309 2138 455 2199 temeram,
468 2148 543 2206 quae
557 2147 622 2187 oum
638 2126 740 2187 Cilicia
760 2129 908 2187 continens
928 2138 980 2199 est,
1000 2129 1056 2186 iter
1072 2128 1136 2201 feei,
1149 2138 1314 2205 essu-aque

271 2226 347 2287 lead
367 2224 509 2303 Cybistra,
524 2225 600 2301 quod
620 2224 757 2301 oppidum
777 2233 822 2282 est
841 2225 879 2282 ad
895 2234 1022 2283 montem
1036 2224 1173 2297 Taurum,
1186 2225 1313 2295 looavi3
1435 2300 1436 2327 p

309 2330 341 2381 ut
361 2322 530 2393 Artuusdes,
550 2340 605 2379 rex
624 2320 791 2392 Armenius,
805 2338 978 2396 quoeunque
996 2320 1093 2380 animo
1109 2330 1191 2393 esset,
1204 2322 1312 2395 sciret,

308 2438 366 2478 non
387 2418 485 2496 procul
506 2434 524 2476 a
544 2418 603 2476 suis
623 2416 727 2474 tinibus
749 2417 908 2474 exereitum
928 2416 1027 2493 populi
1048 2416 1172 2477 Romani
1184 2436 1258 2489 ease,
1273 2428 1311 2478 et

222 2546 232 2567 ι
311 2514 491 2586 Deiotarum,
504 2514 699 2572 fidelissimum
713 2532 812 2589 regem
825 2521 913 2588 atque
927 2514 1131 2572 amicissimum
1143 2515 1186 2571 rei
1205 2516 1311 2591 publi·

309 2630 360 2670 eae
380 2620 502 2681 nostrae,
515 2608 652 2668 ⁴maxime
673 2608 856 2684 conjunctum
877 2610 1022 2680 haberem,
1035 2608 1116 2685 eujus
1136 2618 1166 2668 et
1182 2612 1309 2672 oonnlio

269 2716 340 2770 auat
352 2708 454 2783 opibus
474 2707 606 2783 adjuvari
627 2716 722 2783 posset
736 2724 782 2763 rea
797 2705 921 2782 publiea
962 2706 990 2763 3.
1012 2705 1079 2781 Quo
1092 2725 1179 2782 quum
1192 2708 1224 2765 in
1237 2708 1308 2768 tom

309 2812 404 2863 eastra
417 2804 553 2862 haberem
567 2804 784 2878 equitatumque
796 2804 824 2860 in
838 2800 968 2862 Ciliciam
979 2804 1127 2875 misissem,
1137 2814 1170 2862 ut
1179 2814 1208 2863 et
1218 2824 1306 2865 meus

309 2898 450 2959 adventus
460 2900 495 2958 iis
506 2900 677 2971 civitatibus,
685 2917 762 2975 quae
773 2900 802 2956 in
814 2918 849 2957 ea
857 2909 939 2976 parte
947 2909 1050 2971 essent,
1059 2901 1204 2959 nuntiatus
1212 2903 1307 2960 firmi·

309 3014 373 3055 ores
392 2996 501 3055 animos
519 2997 647 3054 omnium
667 2995 777 3053 faceret
795 3003 825 3053 et
838 3014 892 3071 ego
905 3005 1025 3067 mature,
1038 2996 1108 3071 quid
1121 3008 1258 3073 ageretur
1268 3000 1304 3057 in

310 3090 404 3170 Syria,
427 3093 501 3150 aeine
526 3110 648 3168 possem,
670 3099 785 3166 tempus
804 3088 866 3164 ejus
887 3090 983 3162 tridui,
996 3091 1073 3166 quod
1093 3093 1123 3149 in
1143 3093 1180 3150 iis
1199 3094 1305 3152 eastris

270 3190 451 3259 numerabar,
464 3188 494 3245 in
514 3206 619 3264 magno
639 3187 730 3246 officio
751 3195 782 3245 et
800 3186 962 3244 necessario
974 3186 1045 3243 mibi
1066 3188 1230 3262 ponendum
1249 3208 1303 3265 pn·

230 3328 238 3345 .
309 3286 378 3343 tavi.
418 3287 446 3342 4.
468 3284 565 3359 Quum
587 3286 664 3343 enim
683 3282 792 3341 ³vestra
806 3282 960 3341 auctoritas
974 3284 1188 3355 intercessisset,
1202 3293 1235 3342 ut
1247 3304 1303 3361 ego

309 3400 409 3458 regem
442 3384 672 3442 Ariobarzanem
705 3378 854 3439 ⁸Eusebeu
887 3387 918 3437 et
944 3378 1178 3439 Philommaeum
1205 3390 1303 3440 tuem

309 3478 428 3556 ejusque
443 3481 518 3557 regis
531 3481 662 3549 salutem,
672 3479 910 3565 incolumitatem·
919 3494 1099 3553 regnumque
1108 3475 1303 3547 defenderem,

309 3576 371 3653 tegi
385 3596 531 3655 regnoque
545 3578 688 3655 praesidio
698 3594 811 3642 essem;
832 3572 1094 3650 adjunxissetisque
1104 3572 1229 3631 salutem
1238 3572 1302 3648 ejus

268 3674 386 3751 soregis
406 3675 512 3751 populo
532 3672 701 3748 senatuique
721 3689 845 3748 magnae
866 3688 952 3729 curae
971 3686 1042 3740 ease,
1056 3668 1135 3744 quod
1151 3666 1230 3727 nulio
1251 3688 1304 3726 nn·

309 3770 446 3847 quamde
465 3788 535 3845 rege
548 3769 694 3827 decretum
707 3775 784 3825 esset
794 3785 815 3825 a
827 3774 924 3824 nostro
937 3765 1057 3833 ordine3
1076 3764 1242 3823 existimari
1254 3782 1303 3823 me

301 3968 396 4019 Error.
414 3966 487 4018 XIX
519 3966 603 4016 'Diat
617 3962 762 4026 bettolm
775 3961 1058 4030 masalmam
1072 3962 1165 4029 tnuoo.
1197 3960 1233 4015 V.
1246 3960 1299 4015 (ua

270 4047 364 4100 ucat
376 4047 425 4099 111.
438 4050 560 4109 tanta
