2934 4692
633 422 754 466 amour.
1153 408 1211 471 821

178 586 248 645 bem
260 583 366 644 accessi
380 582 473 661 pridie
484 582 584 641 Nonas
598 582 718 643 Januur.
760 580 885 643 Obviam
905 584 975 642 mihi
988 584 1031 643 sic
1044 593 1088 643 est
1107 604 1173 663 pro-

178 683 280 751 ditum,
300 690 333 738 ut
356 680 431 737 nihil
452 680 541 757 possit
561 680 624 737 fieri
648 681 785 738 ornatius.
828 679 887 739 Sed
910 681 998 739 incidi
1021 681 1052 739 in
1080 682 1172 758 ipsam

177 780 324 836 flammam
344 776 438 835 civilis
457 776 617 835 discordiae
631 776 678 834 vel
692 777 786 853 potius
805 776 893 844 belli;
913 776 960 835 cui
974 796 1063 853 quum
1084 796 1170 854 cupe-

176 894 239 933 rem
253 872 362 932 mederi
376 880 413 944 et,
427 881 459 930 ut
471 872 602 943 arbitror,
612 890 733 948 possem,
745 873 914 950 cupiditates
925 883 1067 931 certorum
1081 874 1171 931 homi-

118 1018 122 1025 .
174 988 254 1041 uum,
271 969 353 1047 (nam
377 977 561 1043 exulesque
588 976 671 1043 parte
693 977 769 1038 sunt,
793 968 843 1043 qui
869 988 1001 1045 pugnare
1028 969 1168 1049 cupiant)
1193 984 1210 1031 o

174 1065 381 1141 impedimento
400 1064 472 1121 mihi
492 1057 616 1121 fuerunt.
656 1061 784 1122 Omnino
799 1072 828 1121 et
847 1064 910 1140 ipse
930 1062 1047 1137 Caesar,
1061 1066 1170 1125 amicos

173 1172 279 1231 noster,
293 1162 419 1219 minaces
432 1158 481 1218 ⁴ad
494 1170 625 1218 senatum
637 1169 665 1217 et
679 1161 797 1217 acerbas
811 1160 921 1219 litteras
931 1162 1056 1234 miserat,
1067 1172 1097 1220 et
1106 1172 1170 1221 erat
1272 1153 1274 1158 ¹

172 1256 283 1357 aul-Eue
295 1257 456 1333 impudens,
469 1257 521 1332 qui
539 1257 699 1315 exercitum
713 1266 744 1315 et
757 1258 942 1333 provinciam,
955 1258 1046 1316 invito
1059 1271 1169 1333 senatu,

171 1364 306 1423 teneret3
332 1363 362 1411 et
385 1352 472 1412 Curio
492 1372 573 1411 meus
595 1352 676 1410 illum
697 1353 842 1411 incitabat.
884 1353 1030 1412 Antonius
1050 1356 1168 1431 quidem

170 1461 273 1509 noster
285 1461 314 1508 ct
329 1448 366 1524 Q.
379 1448 504 1521 Cassius,
513 1448 605 1507 ⁶nulla
616 1450 645 1506 vi
657 1450 780 1526 expulsi,
791 1449 829 1507 ad
843 1448 996 1508 Caesarem
1008 1470 1072 1509 cum
1084 1451 1208 1515 Curi-10

170 1566 228 1607 one
242 1546 362 1625 profecti
382 1557 472 1605 erent.
511 1547 539 1605 3.
561 1546 755 1622 Posteaquam
770 1556 886 1606 senatus
900 1550 1072 1622 <consulibus
1085 1570 1168 1628 prae-

170 1645 290 1716 munus,
304 1642 427 1701 tribunis
447 1644 485 1720 pl.
507 1652 536 1702 et
555 1644 646 1715 nobis,
660 1643 710 1719 qui
729 1640 793 1721 ⁸pro
808 1663 878 1703 coss.
900 1663 1005 1717 sumus,
1019 1649 1167 1725 negotium

170 1741 301 1813 dederat,
315 1748 347 1797 ut
366 1759 537 1811 curaremus,
558 1757 601 1797 us
623 1756 704 1809 oum
726 1757 786 1799 sss
807 1758 949 1801 rusurcs
969 1760 1167 1805 nurumuum

171 1853 328 1909 cursans,
340 1855 488 1911 nunquam
502 1835 610 1911 majore
625 1836 655 1893 in
669 1837 798 1913 periculo
811 1838 912 1896 civitas
925 1838 998 1909 fuit;
1018 1860 1166 1917 uunquam

169 1934 295 2011 improbi
309 1934 386 1993 cives
400 1934 561 1992 habuerunt
579 1936 752 2011 paratiorem
766 1936 877 1993 ducem.
918 1934 1045 1996 Omnino
1058 1958 1096 1996 ex
1110 1940 1166 1999 hsc
1175 1956 1205 2001 lu

170 2050 288 2107 quoque
309 2038 392 2107 perte
414 2030 630 2107 diligentissime
653 2026 854 2107 'comparatus
894 2032 931 2091 Id
950 2035 983 2092 lit
996 2036 1166 2095 auctoritate

170 2136 202 2186 et
220 2127 313 2186 studio
334 2127 467 2203 Pompeii
487 2126 585 2200 nostri,
609 2127 658 2203 qui
681 2126 837 2186 Caesarem
857 2148 922 2188 sero
941 2132 1035 2207 coepit
1054 2133 1165 2191 timere.

169 2222 266 2283 Nobis
278 2224 355 2280 inter
363 2224 416 2280 has
426 2224 527 2281 turbas
537 2232 652 2281 senatus
663 2232 759 2281 tamen
770 2222 906 2299 frequens
916 2225 1056 2302 flagitavit
1065 2228 1166 2285 trium·

170 2322 281 2399 phum;
308 2318 359 2377 sed
381 2318 523 2378 Lentulus
547 2320 652 2390 consul,
680 2338 738 2395 quo
764 2319 858 2395 majus
885 2340 969 2379 suum
995 2324 1165 2383 beneficium

169 2417 288 2487 feceret,
302 2414 388 2473 simul
408 2424 495 2491 atque
515 2416 687 2493 expedisset,
700 2434 776 2491 quae
796 2425 891 2474 esseut
905 2420 1068 2478 necessaria
1080 2420 1117 2478 de
1130 2440 1163 2479 re
1172 2433 1205 2481 20

170 2514 295 2591 publica,
308 2512 383 2569 dixit
396 2530 427 2569 se
447 2512 616 2570 relaturum.
657 2510 720 2569 Nos
733 2512 845 2587 egimus
859 2512 931 2571 nihil
945 2515 1059 2591 cupide,
1072 2535 1165 2592 eoque

170 2616 215 2669 est
228 2618 326 2667 nostra
345 2608 436 2685 pluris
450 2608 612 2667 auctoritas.
651 2607 756 2665 Italiae
768 2607 902 2683 regiones
916 2610 1076 2689 descriptae
1089 2622 1165 2686 suut,

169 2725 259 2782 quam
283 2704 404 2781 quisque
427 2714 539 2780 partem
559 2710 695 2762 tueretur.
737 2702 800 2761 Nos
827 2702 958 2780 Capuam
981 2708 1163 2785 sumpsimus.

171 2802 258 2860 Hseo
277 2809 306 2859 te
326 2800 401 2859 scire
420 2800 508 2858 volui.
549 2799 596 2858 Tu
618 2800 705 2857 etiam
725 2808 813 2873 atque
827 2800 914 2858 etium
928 2821 1006 2875 eura,
1018 2814 1052 2861 ut
1065 2804 1163 2863 valeas

169 2898 339 2972 litterasque
362 2895 400 2953 sd
422 2914 469 2953 me
495 2895 601 2967 mittas,
622 2894 848 2971 quotiescunque
875 2894 1002 2972 habebis,
1028 2900 1076 2960 oui
1103 2900 1203 2962 desso

171 2994 273 3053 Elium
285 3002 372 3066 atque
386 2991 473 3048 etism
487 2991 563 3049 vale.

212 3088 251 3149 D.
264 3087 358 3164 pridie
371 3085 443 3145 Idus
455 3086 522 3147 Jan
