2934 4692
251 506 254 514 Ι
284 427 340 485 180
625 438 653 483 o.
674 438 843 484 sannusrn
864 438 969 483 omsrr

322 602 491 682 propediem
503 620 623 680 magnas
637 601 733 680 oopias
752 620 816 661 sese
829 601 1004 673 habiturum,
1016 598 1042 659 si
1062 600 1173 661 Romae
1187 603 1254 662 soeii
1265 604 1300 663 in

323 710 408 779 nepta
420 700 619 777 patravissent
660 697 779 756 Interea
790 694 920 756 ⁶servitia
932 696 1112 775 repudiabat,
1124 694 1217 774 'eujus
1231 700 1300 759 initio

323 798 447 857 adeum
471 814 594 872 magnae
615 795 715 872 eopiae
739 796 953 866 ooneurrebant,
976 796 1091 872 opibus⁶
1113 795 1300 872 conjurationis

322 894 422 968 fretos,
450 895 535 953 simul
560 890 698 952 ⁸alienum
725 893 785 952 suis
821 889 993 951 rationibus‘¹
1020 894 1198 967 existimans,
1223 895 1304 954 videri

297 1005 454 1053 emessam
467 989 573 1049 civium
586 1007 655 1048 oum
668 989 759 1047 seruis
773 987 903 1065 fugitivis
918 990 1184 1049 eommuniuavisse.

365 1087 463 1146 LVII
505 1084 564 1145 Sed
583 1094 735 1162 postquam
755 1085 786 1143 in
805 1092 900 1143 eastra
920 1086 1035 1144 nuntius
1050 1086 1190 1163 pervenit,
1205 1084 1308 1145 Romae

323 1183 550 1260 eonjnrationem
569 1180 751 1258 patefactam,
765 1180 801 1239 de
816 1179 943 1239 Lentulo
961 1190 991 1239 et
1006 1180 1135 1259 Cethego
1148 1182 1310 1259 ueterisque,

324 1300 396 1358 quos
410 1297 497 1355 supra
509 1277 676 1348 memoravi,
690 1275 864 1353 supplicium
879 1287 1034 1353 sumptum,
1048 1278 1188 1354 plerique,
1199 1296 1269 1353 quos
1279 1276 1312 1335 ad

322 1377 431 1434 bellum
444 1392 510 1451 spes
523 1373 690 1449 rapinarum
704 1380 756 1430 aut
768 1390 909 1430 novarum
924 1392 1021 1431 rerum
1036 1374 1162 1432 studium
1175 1374 1313 1443 illexerat,

286 1473 509 1533 lodilabuntnr:
529 1470 655 1545 reliquos
677 1467 803 1529 Catilina
822 1490 876 1547 per
893 1480 1004 1531 montes
1019 1490 1135 1549 asperos
1148 1470 1261 1548 magnis
1273 1468 1315 1528 iri·

324 1568 453 1626 neribus·
465 1568 495 1623 in
509 1584 611 1643 agrum
633 1565 841 1624 Pistoriensem
860 1568 986 1639 abducit,
1000 1586 1035 1627 eo
1050 1564 1189 1639 oonsilio,b
1202 1567 1246 1625 uti
1266 1586 1315 1644 per

324 1664 466 1722 tramites⁶
485 1661 594 1720 ooeulte
614 1659 781 1737 profugeret
801 1662 832 1719 in
855 1660 982 1721 Galliam
1004 1662 1235 1740 Transalpinam.
1275 1662 1316 1721 At

326 1759 362 1836 Q.
377 1759 517 1818 Metellus
531 1757 617 1818 Celer
630 1777 696 1817 num
706 1760 798 1819 tribua
809 1760 970 1837 legionibus
980 1761 1009 1818 in
1021 1780 1091 1838 agro
1105 1760 1215 1819 Piceno
1225 1758 1317 1836 ¹prae·

325 1856 444 1926 uidebat,
465 1852 516 1913 'ex
535 1853 702 1921 difficultate
723 1875 821 1913 rerum
841 1852 955 1915 leadem
975 1856 1026 1916 illa
1045 1858 1223 1928 existimans,
1244 1875 1316 1932 quae

288 1969 414 2031 losupra
436 1954 571 2025 diximus,
596 1951 751 2013 Catilinam
775 1955 894 2031 agitare.
937 1954 1039 2032 Igitur,
1051 1956 1101 2014 ubi
1121 1956 1176 2015 iter
1197 1954 1260 2032 ejus
1280 1974 1317 2014 ex

324 2050 454 2129 perfugis
467 2050 608 2129 eognovit,
621 2061 717 2109 eastra
731 2070 854 2128 propere
869 2061 1016 2124 movetur
1026 2054 1079 2111 sub
1092 2052 1162 2129 ipsis
1173 2053 1316 2111 radicibus

324 2152 464 2209 montium
477 2150 614 2223 eomedit,
627 2168 686 2226 qna
705 2150 748 2209 illi
772 2151 925 2209 descensus
939 2157 1003 2209 erat
1022 2150 1053 2207 in
1070 2148 1195 2209 Galliam
1216 2168 1316 2227 prope

323 2248 409 2307 renti.
450 2246 556 2323 Neque
582 2255 680 2306 tamen
707 2246 854 2306 Antonius
882 2246 981 2323 procul
1004 2248 1112 2318 eberat,
1134 2242 1245 2322 *utpote
1269 2246 1317 2322 qui

323 2364 430 2422 magno
443 2340 588 2403 exercitud
602 2343 670 2404 loeis
684 2343 868 2419 aequioribus
881 2340 1045 2419 ³expeditus
1059 2342 1090 2400 in
1104 2342 1173 2419 iuga
1183 2361 1318 2419 sequere·

285 2451 381 2501 tutor.
422 2440 482 2501 Sed
492 2438 625 2512 Catilina,
635 2449 787 2516 postquam
801 2440 880 2497 videt
892 2439 1035 2497 montibus
1048 2447 1136 2515 atque
1150 2439 1240 2515 nopiis
1254 2440 1317 2497 hos-

324 2540 398 2598 tium
419 2558 482 2598 sese
502 2540 641 2610 clausum,
655 2538 685 2595 in
700 2537 771 2595 urbe
785 2554 832 2594 res
851 2536 996 2608 adversas,
1016 2554 1109 2612 neque
1122 2534 1209 2613 fugae
1223 2554 1317 2611 neque

204 2650 216 2675 Ν
325 2636 462 2712 praesidii
475 2635 563 2694 ullam
578 2652 667 2710 spem,
683 2643 834 2709 optumum
849 2631 926 2691 laetu
938 2640 1016 2690 ratus
1027 2632 1056 2690 in
1067 2632 1118 2689 tali
1129 2650 1161 2689 re
1171 2631 1317 2690 fortunam

324 2733 394 2791 belli
417 2740 536 2804 tentare,
557 2730 657 2789 statuit
681 2748 748 2787 eum
767 2727 896 2786 Antonio
909 2746 996 2803 quam
1015 2728 1139 2804 primum
1153 2728 1316 2803 confligere.

325 2827 438 2904 Itaque,
452 2828 588 2887 eoneione
601 2826 750 2897 advoeatu,
765 2823 963 2900 hujuscemodi
977 2822 1135 2883 orationem
1148 2823 1258 2882 babuit.

285 2938 318 2986 nu
367 2924 484 2983 LVIII.
524 2928 541 2959 ‘⁴
551 2922 750 2999 compertum·
763 2939 817 2998 ego
838 2920 939 2992 babeo,
951 2920 1064 2992 milites,
1078 2922 1169 2979 verba
1182 2920 1316 2978 virtutem

325 3042 383 3081 non
407 3023 523 3094 addere,
546 3040 640 3097 neque
664 3039 704 3078 ex
726 3020 833 3097 ignavo
858 3026 1016 3089 strenuum,
1034 3034 1128 3091 neque
1150 3013 1255 3073 fortem
1279 3033 1316 3073 ex

326 3123 426 3182 timido
445 3121 613 3194 exereitum,
627 3123 755 3184 oratione
776 3118 967 3197 imperatoris,
981 3114 1051 3171 fieri.
1094 3111 1212 3187 Quanta
1224 3111 1318 3189 eujus·

326 3238 382 3295 que
396 3219 493 3278 animo
513 3220 634 3278 andacia
654 3215 772 3277 naturab
786 3225 838 3276 aut
856 3214 983 3274 moribus
998 3212 1080 3282 inest,
1093 3218 1174 3268 tanta
1191 3208 1221 3266 in
1242 3208 1317 3266 bellu

326 3325 425 3393 patere
439 3316 526 3375 solet:
547 3335 633 3392 quem
652 3336 748 3393 neque
762 3315 855 3393 gloria
868 3330 963 3388 neque
978 3308 1105 3387 pericula
1119 3306 1256 3377 excitant,
1269 3323 1319 3362 ne-

286 3424 317 3471 eo
327 3412 480 3488 quiequam
494 3411 637 3481 bortere⁰3
657 3414 745 3472 timor
758 3410 847 3471 animi
858 3409 976 3469 auribus
986 3404 1081 3463 officit.
1123 3401 1182 3463 Sed
1193 3421 1248 3479 ego
1258 3418 1317 3472 vos,

317 3602 477 3659 Ihm.
510 3610 567 3666 ⁸⁹1,
578 3612 602 3666 4,
614 3606 754 3669 e).-⁴sl,
765 3606 797 3657 u.
809 3612 856 3667 21;
874 3612 913 3667 eo,
927 3610 949 3669 ι,
963 3602 999 3673 b).

317 3685 405 3736 nvn.
437 3690 496 3746 ·sr,
519 3686 648 3747 naut,
668 3686 823 3736 ⁴.-·Diu.
846 3686 894 3736 bea
912 3686 963 3749 ier,
980 3686 1028 3749 vta,
1048 3693 1132 3736 m
1157 3680 1249 3745 mita
1269 3680 1318 3731 aud

285 3763 358 3814 oudin.
391 3764 426 3814 V.
439 3765 510 3817 caes.
523 3765 545 3815 Ι.
558 3770 581 3825 e,
593 3780 618 3813 n.
633 3766 757 3825 1.-¹el‚
769 3766 801 3815 m
814 3768 852 3814 17.

317 3844 417 3895 Lvm,
449 3844 981 3910 ⁵100,2,b)‚2).-⁸91,4.-·85‚aa).

317 3923 563 3979 mmm-m.
597 3924 832 3985 msa-*saule
847 3929 868 3974 1.

318 4002 404 4053 LVII.
435 4003 1114 4065 meua-⁸2⁴7,1.-·V.R.K.-⁶2te,111.R

318 4080 419 4131 Lvnl.
452 4082 782 4155 {stenae-mam
806 4081 1050 4144 (apameae.
